2439 3723
1066 51 1146 139 (ι)

0 178 98 255 Β·
157 171 658 298 οΑςῙΜῖ
715 205 1224 295 GOMEZ
1309 208 1878 302 ORTEGA

624 437 1415 558 PRAEFATIO.

97 675 411 816 Caroli
494 733 854 830 Linnaei‚
951 736 1476 811 Botanicorum
1557 734 1950 835 Principis,

88 869 626 970 Philosophiam
698 870 1177 967 Botanicam‚
1279 870 1494 969 Opus
1562 876 1951 967 eximium,

88 1011 486 1108 tyronibus
568 1008 1119 1102 necessarium,
1200 1010 1275 1081 in
1349 1023 1506 1081 arte
1573 1010 1952 1103 provectis

90 1139 286 1237 haud
335 1142 599 1216 inutile
629 1198 653 1237 ‚
692 1143 1253 1217 Institutionum
1299 1146 1683 1240 omnium,
1733 1159 1954 1242 quot-

0 1301 16 1321 ⁴
89 1296 274 1380 quot
343 1277 699 1353 hactenus
770 1280 1281 1376 prodierunt,
1355 1276 1947 1373 fundamentum,

89 1417 548 1514 optimorum
633 1410 1143 1488 professorum
1237 1411 1601 1514 suffragiis
1680 1438 1952 1511 appro-

90 1551 398 1644 batum,
457 1568 529 1627 et
592 1552 932 1625 certatim
979 1550 1175 1647 apud
1234 1566 1525 1625 exteras
1584 1547 1949 1628 Nationes

91 1688 298 1787 typis
361 1687 680 1783 propriis
726 1686 1162 1783 evulgatum
1195 1740 1220 1779 .,
1258 1686 1331 1758 iu
1384 1683 1773 1781 Hispaniae
1830 1683 1953 1756 Bi-

97 1819 475 1918 bliopoliis
524 1821 817 1919 penitus
861 1820 1294 1910 desiderari,
1335 1837 1456 1893 aut
1507 1794 1662 1922 effus
1698 1842 1957 1893 exem-

99 1956 330 2056 plaria
403 1956 605 2056 aegre
681 1957 1046 2048 inveniri,
1119 1971 1192 2029 et
1242 1956 1644 2028 immodico
1710 1955 1949 2052 pretio

100 2090 560 2181 venundari„
618 2088 1091 2164 vehementer
1153 2090 1515 2163 dolebam.

288 2219 531 2323 Super
558 2225 723 2300 haec
744 2226 1143 2300 Botanicen
1162 2226 1459 2324 publice
1481 2223 1791 2298 docendi
1816 2249 1959 2301 mu·

101 2387 293 2458 nuS,
354 2387 505 2460 quo
572 2377 844 2459 praeter
901 2363 1245 2435 meritum
1305 2359 1621 2458 amplius
1703 2362 1954 2459 vigin-

102 2502 165 2575 ti
223 2496 494 2572 abhinc
537 2498 741 2570 aunis
789 2494 1119 2595 fungor,
1181 2494 1488 2569 nimium
1536 2494 1958 2593 frequentes

99 2635 698 2732 opportunitates
769 2628 951 2705 mihi
1025 2630 1395 2705 obtulerat
1464 2631 1959 2728 intelligendi,

101 2769 317 2870 plura
383 2772 456 2845 in
506 2768 647 2844 hoe
697 2791 920 2843 aureo
954 2767 1202 2874 ‘Libro
1275 2768 1648 2840 auditores
1724 2765 1964 2839 offen-

101 2905 318 3002 dere,
388 2930 561 3005 quae
622 2907 727 2979 eis
788 2901 1306 2979 difficultatem
1356 2898 1546 2974 haud
1609 2904 1956 3001 exiguam

108 3041 576 3120 facesserent.
694 3041 1068 3117 Nimirum
1157 3038 1592 3114 immortalis
1669 3039 1961 3114 Auctor

90 3180 471 3281 *singulari
508 3235 535 3276 ‚
603 3203 745 3277 qua
780 3193 987 3272 erat,
1044 3178 1306 3252 mentis
1360 3177 1515 3250 acie
1555 3173 1961 3250 Lectorum

1097 3323 1136 3362 α
1183 3326 1220 3368 2
1874 3319 1972 3360 ln·
