2439 3723
575 103 659 180 46
1248 100 1689 163 PLANTAE.

742 248 1251 318 Semicylindraceum
1296 257 1377 299 est
1419 258 1596 315 teres,
1636 245 1731 301 sed
1777 241 1957 300 altero
1996 241 2169 301 latere
2211 243 2399 319 longi-

816 320 1144 376 tudinaliter
1190 319 1430 387 planum.

587 410 681 463 71.
709 397 1043 462 Iubalenam,
1089 394 1240 461 quod
1286 389 1497 445 interne
1544 389 1613 461 (si
1663 389 2046 463 detruncetur)
2096 392 2396 448 cavitatem

663 465 857 522 habet:
900 470 959 520 C
941 483 1049 536 pa

587 557 681 609 72·
711 544 1019 608 Car-nomm,
1060 539 1211 606 quod
1261 533 1472 590 interne
1525 535 1694 606 pulpa
1739 536 2013 605 repletum
2050 549 2160 593 est.
2194 541 2395 592 Succu-

661 617 834 668 lentae.

579 703 674 756 73.
702 690 1089 756 Compasi-um,
1129 684 1280 750 quod
1309 699 1339 735 a
1380 681 1643 736 lateribus
1689 699 1861 753 marg
1850 681 2085 737 nalibus
2123 683 2388 751 oppositis

652 758 1050 828 comprimitur
1079 769 1137 808 ut
1162 754 1468 808 substantia
1496 752 1615 807 folii
1645 756 1817 820 major
1848 756 1962 824 fiat,
1986 772 2152 823 quam
2185 755 2387 810 discus,

579 848 674 901 74.
708 835 960 898 Planum,
994 829 1146 897 quod
1187 841 1478 896 utramque
1509 827 1856 896 superficiem
1898 828 2105 897 ubique
2136 828 2387 898 paralle-

656 905 764 957 lam
848 904 970 957 erit.

575 991 669 1045 75.
699 923 970 1044 Giblgum'
999 975 1150 1043 quod
1192 986 1482 1040 utramque
1521 969 1868 1041 superficiem
1901 971 2038 1029 facit
2078 989 2384 1030 convexam

649 1047 805 1120 (76),
850 1048 1122 1102 mediante
1169 1047 1476 1115 copiosiore
1518 1047 1710 1130 pulpa:

573 1121 668 1191 76.
700 1126 985 1175 Convexum
1012 1163 1029 1189 ,
1076 1121 1226 1188 quod
1274 1120 1330 1172 in
1366 1120 1518 1172 disco
1560 1120 1733 1188 magis
1780 1116 2059 1172 elevatum
2098 1131 2201 1173 est.

572 1213 668 1263 77.
696 1199 774 1248 De
755 1213 1044 1265 apres-surm,
1070 1194 1223 1261 quod
1258 1192 1311 1246 in
1332 1192 1485 1246 disco
1513 1192 1686 1261 magis
1709 1192 2076 1261 deprimitur,
2114 1207 2281 1260 quam
2306 1193 2381 1247 ad

647 1268 843 1322 latera.

570 1341 666 1410 78.
695 1344 1096 1393 Canalicaulatum
1151 1335 1190 1392 f.
1235 1336 1328 1392 61.-
1374 1355 1441 1392 ex
1481 1336 1637 1391 sulco
1678 1332 1962 1406 profundo
2001 1378 2018 1407 s
2077 1334 2380 1392 secundum

642 1427 812 1468 totam
875 1412 1277 1484 longitudinem
1310 1453 1329 1479 ,
1381 1425 1711 1466 excavatum
1757 1412 1812 1464 in
1870 1410 2223 1465 dimidiatum
2265 1408 2382 1466 fere

641 1488 982 1556 cylindrum.

566 1574 662 1630 79.
695 1563 983 1626 Ensiforme
1036 1571 1114 1613 est
1151 1574 1350 1626 anceps
1401 1555 1453 1610 T
1457 1555 1544 1610 ab
1583 1554 1689 1612 111.
1737 1552 1896 1626 (83),
1937 1573 1970 1610 a
2014 1553 2132 1609 basi
2185 1554 2377 1613 versus

638 1636 850 1703 apicem
899 1645 1261 1687 attenuatum.

566 1704 657 1761 8ο.
685 1709 1057 1772 Acinaciforme
1099 1704 1242 1758 Tab.
1289 1701 1334 1757 Ι.
1376 1699 1415 1757 f.
1466 1699 1558 1770 56.
1609 1715 1693 1758 est
1742 1719 2118 1772 compressum
2165 1720 2376 1757 carno-

633 1798 789 1847 sum
831 1780 1007 1834 altero
1048 1779 1295 1848 margine
1333 1792 1584 1831 convexo
1629 1789 1896 1866 angi-ism,
1925 1776 2110 1830 altero
2137 1777 2375 1832 rectiore

632 1854 929 1907 crassiore.
983 1853 1560 1919 Wlesembryanthemum
1603 1852 1739 1904 Dill.

562 1923 652 1980 81.
682 1928 1057 1991 Dolabriforme
1083 1921 1122 1977 f.
1156 1940 1245 1994 57.
1273 1936 1355 1977 est
1381 1939 1771 1992 compressum,
1791 1921 2230 1990 subrotundum
2259 1920 2366 1976 ob·-

631 2013 845 2066 tusum,
887 2011 1193 2051 extrorsum
1233 1996 1456 2065 gibbum
1484 1992 1610 2065 (75)
1639 1996 1756 2062 acie
1800 2009 1998 2064 acuta,
2039 1991 2255 2048 inferne
2281 2008 2370 2049 te-

632 2070 1018 2124 retiusculurn:
1052 2072 1629 2138 [Wesembryanthemum
1651 2070 1791 2121 Dill.

560 2139 652 2198 82.
683 2146 1038 2214 Linguiforme
1093 2138 1132 2195 f.
1178 2157 1267 2208 55.
1316 2157 1395 2196 est
1448 2141 1658 2195 lineare
1706 2157 2029 2210 carnosum,
2082 2137 2364 2213 obtusum,

627 2217 816 2271 subtus
864 2227 1209 2284 convexum,
1255 2215 1501 2286 margine
1544 2216 1740 2284 saepius
1784 2214 2192 2284 cartilagineo:
2240 2218 2365 2267 Me-

631 2292 1119 2358 sembryanthemum
1157 2290 1291 2341 Dill.

556 2360 648 2430 83.
679 2368 880 2432 Anceps
918 2374 1031 2431 est,
1078 2361 1232 2429 quod
1284 2362 1425 2414 duos
1467 2358 1701 2430 angulos
1754 2360 2122 2429 prominentes
2150 2358 2366 2457 longi-

626 2435 901 2488 tudinales
931 2435 1084 2487 disco
1128 2432 1461 2485 convexiore
1500 2432 1845 2487 admittit..

555 2504 647 2576 84.
676 2511 1000 2577 Triquetrum
1029 2500 1070 2558 f.
1107 2517 1198 2572 59.
1232 2503 1405 2567 cujus
1418 2503 1526 2556 tria
1555 2503 1733 2557 latera
1772 2502 2202 2607 longitudinalia
2243 2504 2364 2573 pla-

625 2597 694 2633 na
733 2594 856 2634 sunt
885 2580 940 2632 in
970 2575 1108 2631 folio
1149 2574 1434 2631 qubulato

554 2649 583 2704 8
593 2668 646 2719 5
677 2655 938 2705 sulcatum
971 2647 1012 2704 f.
1053 2647 1143 2704 60.
1195 2650 1349 2717 quod
1376 2647 1593 2719 angulis
1629 2648 1930 2702 numerosis
1957 2650 2358 2720 ‚totidemque

625 2725 924 2792 interjectis
973 2723 1229 2791 sinubus»,
1283 2722 1764 2793 longitudinaliter
1811 2734 2096 2777 exaratur.
2272 2737 2281 2765 ³

555 2796 645 2852 86.
675 2802 917 2852 Carinatc·
906 2819 1008 2868 t,m
1047 2797 1092 2852 si
1143 2813 1270 2865 pars
1319 2812 1494 2894 prona
1538 2795 1674 2850 disci
1725 2796 1995 2865 prominet
2046 2795 2358 2881 longitudi-

624 2872 844 2927 naliter.
2027 2904 2033 2912 2

555 2942 646 3012 87.
677 2948 1153 3011 Membranaceum,
1186 2918 1413 3010 qil-od
1437 2943 1583 2996 inter
1652 2953 1944 3012 utramque
2013 2939 2354 3013 super-ficiem

625 3017 780 3072 nulla
820 3019 1064 3073 evidenti
1108 3014 1282 3086 pulpa
1318 3028 1507 3071 scatet.
1815 3082 1817 3084 ³
2093 3061 2118 3064 Δ.
2183 3031 2220 3080 ,ς
2260 3038 2266 3052 -

2133 3254 2353 3363 'coM-
2413 3376 2416 3378 q
