2439 3723
528 84 647 147 204
1060 60 1811 125 DIFFERENTIA'·

499 228 644 291 259.
688 209 938 270 Nomen
984 207 1346 286 specificum
1404 223 1440 264 a
1497 204 1782 282 partibus
1835 199 2196 281 plantarum
2253 219 2360 262 non

671 293 1065 356 variantibus
1121 291 1365 352 desumi
1421 289 1632 351 debet.

554 429 846 481 Varietate:
866 442 979 479 esse
1005 421 1288 477 distinctas
1309 417 1512 489 species
1526 459 1542 487 ,
1570 417 1757 473 nullus
1777 433 1939 473 sanus
1952 412 2128 471 facile
2151 412 2357 470 dixerit

632 499 686 553 in
729 496 928 568 Regno
970 493 1249 564 Animalit,

629 575 823 624 Vaccas
863 571 1043 637 albas,
1088 573 1273 637 nigras
1292 606 1309 636 ,
1364 566 1549 617 rubras
1575 605 1592 632 ,
1643 570 1868 618 cinereas
1890 606 1908 631 ,
1960 568 2282 638 variegatas.

629 638 825 696 Vaccas
837 658 1076 710 parvas,
1107 656 1153 691 et
1177 657 1421 708 magnas,
1454 657 1689 705 macras,
1711 653 1758 689 et
1778 641 2039 706 pingues,
2084 639 2272 702 laeves,
2303 644 2353 684 et

692 717 927 783 pilosas,
956 711 1138 765 nullus
1167 711 1307 763 dixit
1327 679 1554 762 totidem
1575 711 1821 764 diversas
1842 726 1954 762 esse
1976 707 2201 779 species.

622 787 788 838 Canes
809 787 1030 836 meliteos
1051 784 1418 852 ,fricatrices,
1445 787 1718 850 mastivos,
1735 787 1953 851 grajos,
1983 784 2220 847 lanatos,
2248 775 2353 833 ἃς.

702 873 814 912 esse
828 856 1068 922 ejusdem
1083 854 1298 923 speciei,
1302 857 1541 907 docuere
1554 851 1839 920 Verrucae,
1849 853 2118 924 Vortices,
2122 851 2356 906 Suturae.

546 932 752 1002 Species
780 948 846 984 ex
871 927 1231 984 varietatibus
1252 929 1402 995 apud
1425 938 1802 980 antecessores
1816 925 2268 994 multiplicarunt

625 1002 813 1059 Metus
854 998 1230 1057 confundendi
1276 1000 1556 1067 diversas3

623 1075 891 1131 Defectus
918 1072 1371 1129 Differentiarum
1417 1068 1822 1139 essentialium3

623 1142 2026 1232 Ignorantiacontinuataegoenerationisspecierumt,
2042 1145 2088 1212 §.
2105 1156 2200 1214 79.
2222 1108 2349 1213 132.

621 1220 746 1292 Cog
751 1222 884 1275 nitio
929 1219 1022 1274 obs
1028 1237 1161 1274 cura
1207 1217 1427 1286 speciest,

619 1241 1100 1362 Anthophilorum
1146 1290 1322 1344 rabies
1354 1288 1716 1360 contagiosa·
1701 1331 1719 1361 ,

618 1366 950 1421 Subtilitatis
994 1365 1237 1418 studium
1278 1361 1382 1418 διε.

540 1434 838 1494 Variantes
870 1435 1103 1492 maxime
1135 1448 1294 1505 sunt,
1333 1449 1387 1489 et
1412 1432 1542 1490 raro
1568 1448 1908 1506 constanteS,
1953 1435 2138 1504 Color,
2187 1436 2344 1505 Odor,

615 1515 815 1583 Sapor,
861 1515 1076 1564 Hirsuta*
1078 1532 1130 1562 es
1151 1513 1452 1580 ,Crispatio
1471 1550 1488 1578 ,
1517 1512 1781 1578 Impletio,
1813 1513 2195 1563 [Uonstrositas.

543 1584 771 1640 Patroni
799 1585 1160 1652 varietatum,
1199 1582 1294 1651 qui
1321 1582 1617 1636 varietates
1650 1581 1702 1636 in
1734 1584 2036 1650 specierum
2060 1595 2346 1635 numerum

615 1660 985 1727 adoptarunt,
1007 1654 1162 1711 fuere
1184 1668 1311 1709 ante
1335 1671 1429 1708 nos
1452 1651 1728 1722 praecipue
1750 1655 2128 1709 recentissimi:
2159 1657 2343 1707 Barre-

606 1734 707 1783 lier
729 1731 1091 1799 ,Tourneforti
1095 1750 1173 1798 us,
1197 1729 1585 1796 Boerhazvius,
1613 1729 1938 1797 Pontedera,
1966 1729 2261 1780 Mic-helius..

541 1800 952 1872 Conspurcavit
1005 1803 1175 1870 magis
1225 1800 1542 1854 Botanicem
1567 1769 1938 1854 varietatum
1977 1799 2339 1868 introductiO,

614 1892 783 1945 quam
811 1875 921 1929 alia
950 1893 1032 1929 res
1057 1874 1212 1928 ulla·
1197 1916 1214 1940 ,
1267 1870 1645 1927 confundebat
1675 1870 1789 1927 haec
1816 1873 1892 1927 ita
1914 1873 2342 1941 synonymistaS,

617 1961 678 2002 ut
727 1949 825 2002 nisi
864 1947 1021 2002 brevi
1065 1950 1219 2000 mede
1226 1947 1317 2015 13,
1362 1961 1547 2000 actum
1595 1943 1786 2000 fuisset
1833 1948 1903 1999 de
1950 1945 2193 1999 scientia.

460 2052 468 2056 -
537 2023 733 2073 Errone
713 2021 1043 2087 aediff'erenti
1048 2041 1084 2070 ce
1105 2032 1259 2086 sunt,
1289 2030 1720 2086 quaevar1‘2tates
1741 2019 1865 2072 loco
1887 2018 2344 2087 specieitradunt.

590 2090 1068 2154 *TRIFOLIUM
1090 2091 1346 2161 capitulis
1365 2089 1717 2145 subrotundis
1747 2134 1762 2158 ,
1786 2090 2027 2144 flosculis
2052 2093 2342 2159 peduncu-

685 2166 840 2234 latis,
868 2164 1232 2236 leguminibus
1279 2164 1644 2233 tetraspermis
1671 2205 1688 2231 ,
1732 2164 1893 2218 caule
1931 2162 2340 2233 procumbente.

686 2242 846 2292 Hort.
887 2239 1015 2305 cliffi
1068 2254 1199 2308 375.

611 2307 916 2365 Trifolium
963 2324 1214 2380 pratense
1261 2308 1470 2364 album.
1515 2311 1682 2363 Bauh.
1721 2326 1778 2379 p
1785 2326 2119 2379 n.327.1

612 2381 1028 2439 Trifoliastrum
1050 2397 1299 2471 pratense
1320 2379 1752 2451 corymbiferum
1776 2382 1945 2447 majus
1967 2398 2177 2452 repens,
2193 2378 2342 2437 foliis

683 2455 1132 2524 rotundioribus,
1157 2453 1316 2523 albai,
1344 2469 1398 2508 et
1423 2455 1683 2524 sagittata
1711 2452 1929 2510 macula
1955 2456 2188 2524 notatiS,
2216 2455 2340 2510 sili-

682 2530 807 2597 quis
851 2529 1240 2598 tetraspermis.
1291 2530 1371 2594 M
1367 2530 1453 2580 ch.
1479 2547 1598 2601 gen.
1641 2524 1734 2580 26.

541 2652 595 2691 2.
624 2633 1038 2691 Trifoliastrum
1052 2650 1292 2704 pratense
1331 2634 1716 2703 corymbiferum
1753 2638 1918 2702 majus
1947 2648 2126 2703 repens
2145 2675 2161 2702 ,
2180 2635 2335 2699 foliis

686 2710 1084 2777 rotundioribus,
1113 2711 1249 2776 albd,
1275 2723 1327 2759 et
1350 2711 1511 2776 sagitt
1493 2710 1602 2758 atei*
1631 2709 1827 2758 maculd
1855 2712 2060 2774 notatis,
2086 2727 2199 2776 cor.)
2193 2710 2334 2760 mbis

669 2784 860 2848 florum
882 2785 1048 2851 magis
1078 2787 1305 2850 sparsis,
1332 2781 1584 2848 pediculis
1610 2782 1925 2848 longissimis
1969 2782 2338 2853 insidentibus,

682 2858 886 2924 siliquis
931 2857 1298 2924 tetraspermis.
1345 2849 1521 2906 Mich.
1572 2869 1695 2921 gen.
1726 2847 1816 2905 26.
1844 2863 1882 2905 t.
1915 2867 2007 2918 25.
2055 2847 2096 2906 f.
2134 2872 2181 2907 Ι.

543 2978 598 3031 3.
624 2959 1281 3031 Trifoliastrumpratense
1301 2960 1687 3029 corymbiferum
1709 2964 1871 3027 majus
1887 2976 2055 3029 repen
2039 2962 2233 3029 ·,foliis
2247 2981 2331 3013 ro-

681 3035 1017 3099 tundioribus,
1040 3036 1176 3101 albai,
1199 3035 1469 3101 sagittatd,
1495 3046 1542 3082 et
1568 3036 1618 3081 in
1641 3047 1839 3083 acutum
1860 3035 2060 3101 longiics
2075 3036 2330 3102 producta

684 3107 883 3157 maculd
927 3109 1150 3173 notatis,
1200 3108 1403 3173 siliquis
1445 3111 1814 3172 tetras-permis.
1859 3103 2036 3160 Mich.
2081 3124 2204 3176 gen.
2233 3102 2328 3160 26.

687 3189 728 3232 t.
755 3193 846 3245 25.
877 3173 917 3230 f.
947 3197 1004 3246 4.
2188 3248 2238 3302 T
2275 3249 2286 3261 ·

2245 3267 2326 3304 ss·
