2439 3723
538 97 663 159 250

839 225 935 308 X.
1048 224 2007 313 SYNONYMA.

485 383 626 464 318.
672 382 1041 464 Synonyma
1084 397 1224 444 sunt
1254 383 1502 445 diversa
1529 386 2030 467 Phytologorum
2081 381 2177 470 (6)
2232 404 2347 448 no-

651 471 821 529 mina
849 517 868 544 .‚
919 469 1126 529 eidem
1163 470 1390 548 plantae
1422 471 1711 549 imposita
1742 520 1758 545 ,
1816 489 2012 550 eaque
2047 471 2347 534 Generica

651 552 823 639 (Vll)
852 601 870 630 ‚
926 551 1232 631 Specifica
1263 552 1462 638 (Vm)
1483 603 1500 630 ‚
1549 572 1611 618 et
1641 557 1990 617 Variantia
2017 553 2177 639 (tx).

557 667 742 717 Patres
763 663 879 730 §.9.
902 661 1305 715 conveniebant
1339 662 1660 731 plerumque
1693 663 1748 716 in
1779 661 2092 732 plantarum
2121 664 2358 718 nomini-

712 733 840 803 bus,
871 734 1136 803 genericis
1157 731 1334 789 solum
1357 737 1618 789 contenti.

554 811 975 862 Commentatores
1021 804 1069 874 §.
1118 823 1200 861 10.
1240 806 1310 860 ob
1354 805 1629 863 defectum
1664 805 2142 879 Descriptionum,
2166 823 2220 865 et
2256 809 2359 865 Fi-

657 942 663 948 ,
701 896 966 950 gurarum
983 879 1035 932 in
1051 877 1276 934 Patrum
1300 881 1543 951 scriptis,
1567 879 1720 937 varie
1744 898 1935 935 eorum
1957 884 2174 938 nomina
2199 883 2356 953 plan-

701 955 770 1007 tis
806 951 1139 1022 aplicaba'nt.
1405 1017 1407 1020 ,

551 1031 910 1097 Descriptores
931 1026 977 1094 §.
1013 1036 1098 1080 11.
1132 1043 1218 1080 12.
1241 1027 1469 1080 detectis
1498 1025 1964 1081 numerosioribus
1993 1025 2223 1099 plantis,
2252 1045 2354 1099 pro

583 1118 604 1167 j
702 1098 932 1154 arbitrio
964 1101 1181 1154 nomina
1207 1099 1577 1168 imponebant.
2192 1143 2198 1148 .

555 1175 615 1229 C.
643 1176 911 1226 Bauhinus
936 1173 1308 1243 quadraginta
1335 1189 1602 1228 annorum
1628 1170 1850 1243 labore,
1879 1172 1933 1225 in
1961 1170 2159 1229 Pinace
2188 1171 2289 1228 162
2302 1191 2354 1231 2.

701 1259 1104 1301 antecessorum
1127 1248 1344 1301 nomina
1370 1245 1756 1318 conjungebat,
1777 1260 1833 1301 et
1855 1247 2075 1301 reduxit
2092 1250 2167 1303 ad
2191 1245 2355 1305 6000.

705 1319 940 1389 Species·

551 1396 755 1448 furiosi
782 1394 828 1462 §.
864 1411 951 1464 14.
979 1393 1360 1462 conquirentes
1384 1394 1629 1462 undique
1657 1409 1830 1448 novas
1858 1391 2074 1462 plantas
2094 1435 2112 1464 ‚
2153 1395 2352 1449 reddi-

703 1469 1143 1522 derevnumerum
1172 1466 1564 1536 earum'duplo
1584 1467 1909 1520 auctiorem.

554 1543 878 1611 Systematici
915 1541 962 1609 ᾖ.
1004 1555 1089 1610 ς3;
1131 1541 1186 1594 ¹in
1211 1539 1489 1595 Generum
1529 1540 1932 1594 constructione
1959 1538 2090 1594 olim
2118 1539 2350 1596 maxime

699 1614 1106 1683 dissentientes,
1127 1612 1429 1682 secundum
1449 1610 1590 1667 falsa
1611 1629 1846 1683 genera‚
1867 1609 2154 1669 falsissima
2176 1615 2351 1668 nomi-

699 1703 768 1742 na
803 1688 1003 1758 plantis
1025 1686 1397 1756 imponebant.
1433 1750 1437 1752 ,
1469 1747 1471 1749 ,

522 1759 794 1832 ‘Le-gibus
832 1759 1272 1816 differentiarum
1303 1757 1683 1830 specificatum
1721 1775 1830 1815 non
1868 1759 2047 1827 daus,
2092 1758 2352 1814 Botanici

697 1831 1057 1891 Differentias
1091 1834 1304 1903 partim
1346 1833 1598 1888 vtriviales
1618 1875 1635 1902 ,
1681 1834 1880 1903 partim
1909 1831 2208 1889 variabiles
2231 1875 2250 1903 ‚
2283 1849 2355 1888 o-

698 1923 845 1961 mnes
872 1907 1111 1962 lubricas
1132 1949 1148 1975 ,
1196 1906 1475 1975 speciebus
1500 1906 1868 1975 imponebant.
2364 1907 2367 1909 ’

546 1980 614 2035 G.
643 1980 934 2032 Sherardus
960 2022 978 2046 .,
1025 1978 1242 2048 Anglus
1263 2022 1280 2048 .,
1308 1979 1604 2034 Botanicus
1632 1980 1853 2049 insignis
1874 2021 1891 2048 ,
1913 1975 2152 2033 Bauhini
2179 1976 2350 2033 Pina-

697 2068 814 2106 cem
835 2054 1155 2106 continuare
1173 2052 1543 2122 allaboravit,
1566 2053 1660 2106 sed
1692 2049 1809 2106 fato
1837 2067 2148 2121 praeventus
2178 2051 2349 2125 3728.

702 2125 926 2193 reliquit
960 2142 1102 2194 opus
1135 2124 1397 2198 DilleniO.
2178 2134 2182 2137 '

548 2203 840 2266 Dillenius,
866 2195 1140 2267 professor
1173 2196 1537 2254 Sherardinus
1569 2197 1806 2267 Oxonii‚
1830 2197 2177 2267 continuavit
2207 2215 2349 2269 opus

695 2269 966 2326 Sherardiv
988 2272 1043 2324 in
1069 2288 1270 2325 annum
1291 2313 1308 2341 .,
1335 2289 1447 2340 quo
1474 2271 1609 2326 obiit
1635 2314 1653 2342 ,
1698 2288 1866 2340 1747.

545 2349 901 2415 Sibthorpius.,
929 2343 1216 2399 Successor
1240 2343 1500 2415 Dillenii.,
1524 2343 1776 2398 Pinacem
1803 2342 2232 2399 Sherardianum
2249 2386 2267 2415 .,
2293 2356 2348 2400 et

696 2417 1071 2472 Dillenianum
1095 2458 1111 2486 .‚
1136 2417 1433 2472 etiamnum
1457 2418 1721 2472 ineditum
1745 2459 1762 2484 .,
1783 2429 1998 2485 servat,
2021 2429 2077 2470 et
2103 2418 2344 2486 supplet.

548 2495 801 2547 Hallerus·
827 2490 994 2544 variis
1028 2491 1081 2542 in
1111 2488 1388 2558 Operibus
1416 2490 1812 2558 Synonymiam
1843 2487 2152 2543 absolutam
2185 2490 2349 2558 plan-
2418 2557 2430 2564 ⁴

697 2575 877 2616 tarum
910 2561 1323 2616 Helveticarum
1353 2563 1682 2616 elaboravit.

544 2641 859 2709 Synonymiae
880 2634 1144 2689 absolutae
1159 2651 1294 2704 opus
1318 2631 1547 2690 maxime
1569 2632 1928 2688 necessarium
1942 2644 2022 2686 est
2035 2631 2340 2690 Botanicis:

696 2705 875 2762 Unico
903 2709 1140 2763 auctoris
1171 2708 1383 2762 nomine
1406 2709 1626 2761 detecto
1647 2749 1664 2775 ,
1705 2707 2046 2759 innotescunt
2078 2707 2340 2763 omnium.

693 2780 904 2837 Evolvi
947 2782 1181 2851 ideoque
1224 2793 1443 2850 possunt
1468 2779 1877 2848 Descriptiones
1898 2819 1914 2845 ,
1955 2791 2009 2831 et
2032 2777 2252 2849 Figurae
2276 2797 2346 2834 o-

691 2871 858 2908 mnes,
873 2852 1229 2910 Innotescunt
1255 2855 1381 2909 inde
1408 2853 1611 2923 omnia,
1634 2869 1756 2920 quae
1778 2848 2043 2906 beneficio
2063 2851 2233 2906 seculi
2256 2853 2345 2908 in-

699 2940 925 2980 notuere
965 2928 1035 2981 de
1062 2924 1271 2995 planta.
2174 2923 2342 2995 (rum.

619 2996 791 3053 Plura
813 2999 1028 3052 nomina
1042 3016 1145 3053 non
1163 3000 1397 3052 reddant
1412 2996 1645 3065 amplius
1660 2996 1837 3050 ideam
1855 2995 2094 3065 plurium
2124 2998 2342 3066 planta·
2384 3026 2386 3028 ·

548 3074 836 3145 Specierum
859 3087 1166 3139 synonyma
1186 3073 1257 3124 ad
1289 3070 1580 3123 Botanicos
1610 3068 1886 3138 praecipue
1912 3083 2159 3137 spectant
2181 3089 2199 3141 3
2225 3074 2341 3124 Va-

683 3144 930 3196 'rietatum
954 3157 1157 3210 autem,
1183 3160 1304 3210 quae
1328 3143 1522 3211 saepius
1542 3140 1841 3211 superflua,
1863 3145 2034 3197 addat
2058 3144 2157 3213 qui
2184 3143 2341 3213 velit,

701 3228 764 3272 ut
793 3215 1069 3272 minuatur
1094 3216 1399 3286 specierum
1427 3212 1692 3271 falsarum
1720 3232 1996 3273 numerus.
2278 3285 2307 3342 I

1431 3324 1437 3329 -
2310 3305 2346 3344 n
