2439 3723
547 74 1287 143 D1FFERENT1A.
1679 98 1804 161 223

288 222 435 274 Pelta
467 227 542 270 est
572 210 926 267 fructificatio
962 210 1124 280 plana
1146 252 1165 285 ,
1192 214 1422 283 margini
1469 214 1590 272 folii
1621 220 1862 290 plerum·

371 306 476 357 que
502 283 868 353 adglutinata.

76 368 283 419 Muscis
306 361 593 430 Capitulum
619 368 696 411 est
720 353 993 410 Anthera.

15 488 19 494 ,
76 438 282 503 Fungis
330 435 502 484 Pileus
546 440 624 482 est
670 427 949 482 orbiculus
982 427 1401 493 horizontaliter
1440 449 1742 506 expansuS.,
1770 442 1864 508 qui

440 502 630 557 subtus
661 497 1112 555 fructificationes
1139 505 1300 571 gerit.

79 579 409 632 Graminibus
435 577 642 645 Spicula.
667 585 745 628 est
768 574 1015 645 partialis
1038 575 1187 644 spica
1206 617 1225 645 .,
1251 593 1415 644 quam
1456 576 1754 634 Locustam
1777 583 1871 636 di-

445 665 573 702 xere
600 646 715 700 alii.

298 724 508 774 Tortilis
534 732 614 774 est
634 719 804 773 arista
838 736 961 773 cum
1000 720 1255 790 geniculo
1283 736 1541 778 contorto
1589 726 1645 779 in
1689 727 1873 782 medio

254 854 265 861 f
442 805 681 847 notetur.
708 810 755 845 e.
785 809 867 861 gr.
903 797 1100 845 Avena.

293 869 563 919 Articulus
589 878 666 918 est
688 863 854 918 culmi
883 882 1007 933 pars
1035 867 1297 920 Geniculis
1321 868 1539 924 duobus
1565 870 1868 938 interjecta.

10 978 22 986 ·
78 944 391 1012 Compositus
420 941 673 993 Radiatus
700 935 802 990 fios
825 952 1038 991 constat
1066 939 1246 1007 discO,
1274 955 1327 993 et
1347 942 1529 996 radim

294 1014 495 1065 Radius
521 1029 588 1064 ex
615 1009 900 1064 corollulis
926 1010 1326 1079 irregularibus
1359 1015 1413 1065 in
1438 1014 1667 1069 ambitu.

296 1088 491 1137 Discus
530 1100 596 1136 ex
635 1081 920 1136 corollulis
947 1081 1248 1148 minoribus
1289 1083 1613 1155 plerumque
1639 1088 1878 1158 regula-

370 1155 521 1210 ribus
552 1169 788 1212 constat.
1536 1158 1541 1161 ’

78 1234 461 1300 Decompositus
512 1227 613 1281 fios
633 1269 653 1297 ‚
672 1247 714 1281 s,
759 1226 1112 1298 Compositus
1150 1246 1218 1283 ex
1243 1232 1555 1300 compositis
1575 1275 1593 1300 ,
1633 1233 1876 1290 continet

153 1303 296 1358 intra
340 1300 588 1369 calycem
627 1317 966 1354 communem
1008 1303 1242 1356 minores
1293 1305 1517 1373 calyces,
1564 1322 1875 1363 communes

150 1374 336 1429 multis
363 1372 592 1429 floribus
615 1392 633 1426 ε
659 1375 1074 1442 Sphaeranthus„

79 1451 273 1502 Corolia
301 1449 564 1517 AEqualis‚
592 1446 684 1499 ubi
712 1458 891 1514 partes
916 1443 1144 1500 corollae
1170 1445 1371 1518 figura,
1391 1450 1788 1522 magnitudine,
1815 1466 1870 1508 et

373 1519 731 1588 proportione
762 1518 1004 1587 aequales
1034 1533 1182 1579 sunt.,

295 1595 566 1662 Inaequalis
593 1633 610 1660 .,
650 1590 742 1644 ubi
771 1604 954 1660 partes
1000 1608 1107 1645 non
1149 1594 1529 1664 magnitudine
1554 1638 1573 1662 ,
1614 1598 1709 1650 sed
1738 1613 1877 1666 pro-

370 1665 621 1734 portione
679 1666 1009 1734 respondent
1035 1706 1052 1733 .,
1100 1677 1160 1720 ut
1207 1667 1477 1737 regularis
1503 1667 1609 1725 flos
1650 1673 1877 1729 evadat:

376 1742 640 1794 Butomus.

299 1812 582 1881 Regularis
608 1822 687 1864 est
713 1810 940 1879 aequalis
964 1808 1147 1880 figura
1168 1852 1186 1881 .,
1213 1814 1592 1884 magnitudine
1613 1857 1630 1884 ,
1657 1829 1709 1870 et
1747 1833 1879 1886 pro-

289 1935 294 1939 .
378 1884 629 1952 portione
670 1885 930 1951 partium..
1000 1938 1003 1940 .

300 1959 651 2026 Irregularis.,
674 1974 797 2023 quae
822 1955 976 2009 limbi
1005 1955 1279 2026 partibUS.,
1299 1957 1516 2030 figura,
1543 1961 1887 2033 magnitudi-.

377 2047 445 2083 ne
465 2070 483 2097 .,
514 2042 608 2082 aut
631 2030 987 2098 proportione
1008 2030 1227 2084 diversa
1257 2044 1356 2085 est.
1663 2032 1669 2036 ’
1864 2055 1868 2061 Δ

301 2104 485 2154 Rictus
515 2114 595 2154 est
625 2099 805 2156 hiatus
832 2102 983 2156 'inter
1015 2102 1328 2158 duolabia.

301 2176 350 2227 F
353 2195 455 2228 aux
482 2187 559 2228 est
587 2172 770 2228 hiatus
797 2173 913 2228 tubi
938 2174 1185 2241 corollae.

302 2251 542 2300 Palatum
585 2260 664 2301 est
690 2247 986 2317 gibbositas
1016 2249 1324 2315 prominens
1358 2248 1410 2302 in
1444 2246 1607 2304 fauce
1633 2253 1886 2316 corollae.,

300 2321 481 2371 Calcar
507 2331 584 2373 est
617 2320 918 2373 nectarium
948 2337 1015 2373 ex
1047 2319 1435 2390 corollapone
1462 2324 1518 2377 in
1553 2341 1749 2380 conum
1781 2345 1885 2384 ex·-

453 2403 673 2451 tensa2g
748 2420 787 2447 ,-
886 2422 904 2426 -’
960 2404 964 2418 ¹
1049 2422 1055 2429 ⁷
1316 2443 1335 2452 .,
1789 2445 1805 2455 ,,

229 2485 232 2488 ·
308 2466 610 2531 Urceolata,
660 2464 805 2532 quaes
829 2465 1071 2533 urceoli,
1098 2464 1342 2535 &pelvis
1370 2468 1754 2540 instarinflata
1782 2516 1799 2541 ,
1834 2487 1889 2530 et

460 2537 705 2603 undique
737 2536 901 2606 gibba
936 2552 1036 2592 est.
1375 2590 1379 2593 .

311 2609 674 2677 Cyathiformis
694 2651 711 2678 ‚
755 2607 887 2666 cum*
915 2628 984 2666 ex
1023 2610 1286 2681 cylindro
1312 2613 1547 2684 superne
1574 2613 1768 2685 parum
1797 2620 1892 2672 di-

378 2681 558 2739 latata
588 2697 688 2740 est.,
1070 2685 1072 2687 ’

304 2756 632 2824 Connivens„
675 2755 835 2821 cujus⁴
878 2755 1028 2812 limbi
1079 2755 1191 2812 lobi
1238 2761 1486 2827 apicibus
1524 2777 1894 2834 convergunt.¹

308 2831 502 2885 Lacera
522 2870 539 2898 .‚
567 2829 726 2894 cujus
766 2827 963 2883 limbus
993 2830 1592 2888 tenuissimedissectus
1620 2849 1737 2889 est„

89 2896 325 2965 Anthera
345 2905 608 2970 versatilis
628 2943 646 2970 9
678 2914 732 2956 et
754 2907 1041 2977 infflfvtlaeflf
1066 2946 1082 2973 ,
1109 2922 1230 2973 quae
1256 2905 1430 2965 latere,
1469 2903 1742 2978 affigitur.

12 2988 14 2990 ·
310 2984 475 3028 erecta.
493 3014 512 3041 .,
533 2988 655 3042 quae
683 2971 1092 3046 basi‘a'fligiturss
1602 2978 1605 2982 ’
1732 2992 1734 2994 ’
1789 2975 1806 3002 L

89 3049 439 3115 Pericarpium
460 3048 729 3114 Inflatum„
753 3047 876 3103 cum
905 3050 1072 3103 instar
1100 3048 1310 3104 Vesicae
1336 3069 1533 3106 cavum
1556 3053 1625 3108 sit
1642 3092 1658 3120 ,
1681 3071 1778 3110 nec
1799 3071 1886 3110 re-

382 3116 563 3185 pletur
599 3121 927 3175 seminibus:
957 3125 1206 3176 Fumaria
1236 3128 1483 3180 cirrhosa.

308 3192 844 3318 Prisgaficumstum
860 3193 1071 3270 lineare
1112 3195 1445 3266 polyedrutn
1483 3198 1553 3254 sit
1577 3237 1596 3265 ,
1622 3197 1884 3254 lateribus

384 3280 419 3331 p
481 3279 577 3324 ms.
1746 3273 1892 3325 Tur-,
