2439 3723
553 75 1467 143 AnumnnA'rtoNEs.
1771 83 1897 166 263

76 208 222 306 332.
268 214 484 285 leones
514 215 947 299 magnitudine
979 263 998 292 ‚
1027 228 1092 278 et
1133 217 1254 278 situ
1283 218 1556 283 naturali
1585 222 1938 310 depingen-

237 309 333 367 dae
376 316 539 366 sunt.

129 433 397 500 Veterum
418 432 599 486 icones
621 431 816 486 sistunt
843 432 1103 487 maximas
1126 432 1400 500 Arbores,
1421 445 1478 487 et
1504 435 1751 492 minimas
1775 439 1932 497 Alsi-

249 539 252 541 -
276 519 369 559 nes
390 504 490 559 sub
511 506 703 559 eadem
727 505 1602 576 magnitudine3Procumbentes,
1623 522 1675 562 et
1698 509 1929 580 Repen-

269 590 350 632 tes
372 576 696 648 plerumque
723 591 929 633 erectas
954 579 1202 649 pingunt,
1223 581 1372 649 quod
1394 578 1590 635 sedulo
1617 582 1926 642 vitandum.

123 647 267 709 Ctzm
288 652 615 722 magnitudo
629 664 862 720 nequeat
884 652 1106 723 depingi
1128 653 1182 706 in
1204 653 1404 722 plantis
1428 655 1690 725 maximis,
1706 671 1926 725 praestat

265 723 570 780 Ramulum
598 726 882 794 porrigere
904 764 922 794 .,
946 739 999 779 et
1029 727 1271 794 plantam
1295 727 1562 796 integram
1589 729 1640 781 in
1665 746 1924 799 compen-

265 799 363 852 dio
395 798 557 864 juxta
601 811 812 867 partem
850 799 1037 853 sistere
1061 816 1079 869 ς
1134 801 1218 852 uti
1244 802 1406 852 Ehret
1454 801 1509 852 in
1547 799 1604 854 N
1609 819 1764 870 apaea
1795 816 1836 860 t.
1867 805 1920 861 8.

70 931 75 934 ,
260 869 486 930 Hibisco
535 884 575 926 t.
605 868 659 925 6.
683 870 943 926 Verbena
989 886 1029 926 t.
1062 891 1150 942 14.
1189 885 1241 926 et
1288 870 1580 942 Martynia
1633 887 1672 928 t.
1705 893 1752 929 1.

111 945 541 998 Fundamentales
566 943 759 1015 figurae
786 946 832 1014 ξ.
863 963 883 998 1
903 963 948 998 1.
976 945 1272 1014 praesertim
1294 943 1654 1000 Piumerianae
1672 985 1690 1016 ‚
1714 945 1918 1004 facim-

261 1015 347 1073 me
384 1017 723 1089 elaboratae,
763 1018 978 1088 plantas
1022 1015 1226 1087 optime
1268 1031 1672 1087 repraesentant.

107 1093 315 1162 Ligneae
342 1089 535 1161 figurae
562 1093 608 1160 ξ.
642 1111 660 1145 1
681 1110 725 1145 1.
754 1091 885 1145 olim
903 1091 1284 1161 usitatissimae,
1310 1092 1609 1160 praesertim
1637 1089 1913 1150 Rudbec-

255 1163 437 1218 kianae
457 1206 476 1235 .,
505 1165 787 1220 certabant
807 1182 932 1219 cum
960 1165 1120 1217 aeneis
1140 1206 1157 1232 ,
1187 1167 1282 1218 sed
1304 1180 1474 1233 opera
1495 1164 1759 1220 Botanica
1778 1171 1912 1222 red-

253 1238 449 1292 didere
477 1240 652 1292 minus
681 1240 917 1308 pretiosa
947 1254 966 1308 ς
1012 1255 1154 1292 nunc
1181 1238 1482 1306 antiquatae
1511 1251 1634 1292 sunt
1664 1256 1771 1294 non
1797 1243 1911 1298 sine

254 1309 507 1379 impensis
547 1311 843 1365 BotaniciS.

103 1385 300 1452 Pictor,
323 1386 577 1454 sculptor,
603 1399 654 1437 et
672 1388 945 1435 Batanicus
966 1381 1118 1451 aeque
1142 1384 1426 1438 necessarii
1441 1398 1564 1438 sunt
1583 1387 1656 1438 ad
1676 1383 1906 1456 figuram

250 1456 619 1528 laudabilem3
644 1456 694 1510 Si
717 1458 860 1510 aiter
884 1454 1082 1510 horum
1109 1459 1311 1526 peccet,
1333 1460 1521 1511 evadit
1543 1457 1726 1527 figura
1742 1462 1909 1515 vitio-

245 1547 322 1584 sa.
348 1527 488 1583 Hinc
502 1529 770 1599 Botanici‚
792 1529 886 1598 qui
910 1527 1019 1583 una
1041 1547 1308 1585 execuere
1328 1543 1499 1585 artem
1520 1543 1574 1585 et
1600 1531 1906 1602 pictoriam,

245 1614 300 1656 et
329 1603 718 1673 sculptoriam,
746 1603 1219 1673 praestantissimas
1255 1602 1463 1674 figuras
1503 1603 1868 1672 reliquerunt.

26 1736 170 1800 333.
236 1719 453 1780 icones
483 1721 737 1799 optirnae
785 1737 1000 1779 omnes
1040 1721 1272 1797 plantae
1303 1733 1548 1799 parteS‚
1576 1721 1730 1782 licet
1773 1722 1894 1782 mi-

239 1805 438 1865 nimas
468 1808 662 1865 etiam
692 1805 1196 1867 fructificationis
1223 1853 1242 1880 ‚
1272 1806 1638 1867 exhibeant.

95 1892 333 1943 Minimis
353 1892 406 1944 in
437 1890 678 1959 partibus
697 1936 712 1962 ,
744 1891 1041 1960 praesertim
1067 1889 1526 1946 Fructificationis
1548 1935 1563 1961 ‚
1596 1893 1767 1945 latent
1789 1910 1898 1948 nu-

238 1966 609 2018 merosissimae
630 2008 645 2033 ,
667 1978 721 2018 et
747 1963 1201 2032 praestantissimae
1215 1962 1589 2035 Differentiae,
1612 1983 1734 2033 quae
1757 1964 1898 2036 Spe-

238 2037 375 2090 ciem
425 2036 657 2091 maxime
697 2038 1060 2106 distinguunt.

89 2105 215 2180 Pili,
245 2108 571 2178 Glandulae,
588 2110 843 2180 Stipitiae,
867 2110 1137 2178 Stamina,
1167 2123 1220 2164 et
1235 2108 1476 2178 Pistilla,
1498 2111 1552 2163 in
1566 2125 1812 2165 veterum
1830 2110 1896 2165 fi-

232 2185 385 2255 guris
411 2183 631 2238 exclusa
654 2227 671 2255 .‚
702 2201 981 2253 nunquam
1038 2185 1092 2238 in
1142 2182 1309 2239 Icone
1330 2184 1662 2253 omittenda,
1688 2185 1732 2238 si
1759 2203 1895 2241 eva-

236 2260 328 2312 det
356 2257 543 2327 digna.

16 2389 158 2456 334.
204 2372 382 2439 LocA
425 2374 664 2435 natalia
715 2374 1079 2453 plantarum
1130 2374 1475 2455 respiciunt
1532 2374 1887 2457 Regionem,

183 2458 382 2518 Clima
410 2506 428 2531 ‚
474 2460 682 2519 Solum
702 2507 718 2532 .‚
745 2475 808 2520 et
835 2461 1108 2520 Terram.

81 2546 448 2598 Horticulturae
501 2547 896 2610 fundamentum
958 2546 1234 2615 dependet
1287 2564 1321 2600 a
1372 2544 1496 2601 loco
1546 2544 1880 2618 plantarum,

229 2619 376 2672 unde
396 2613 648 2673 Canones
665 2662 683 2688 ,
705 2632 760 2673 et
782 2618 1057 2688 Principia
1080 2621 1214 2673 artis
1239 2617 1529 2674 formanda
1551 2664 1568 2688 ,
1596 2624 1748 2689 quod
1776 2624 1878 2677 de-

227 2692 528 2746 monstravi
569 2693 622 2747 in
651 2695 800 2745 Actis
845 2695 1149 2746 Stockholm.
1207 2708 1372 2764 1739·
1415 2711 1474 2764 p.
1513 2712 1558 2747 1.

39 2767 282 2818 ·'Milleri
312 2762 437 2819 The
476 2763 793 2821 Gardeners
816 2764 1150 2832 Dictionary
1180 2770 1349 2820 tradit
1370 2766 1659 2835 specialem
1687 2766 1875 2822 cultu-

229 2854 346 2892 ram
374 2838 601 2908 singulae
624 2838 825 2909 plantae
848 2881 864 2908 ,
888 2851 944 2891 at
973 2839 1125 2891 nimis
1149 2837 1351 2892 diffusa
1375 2882 1391 2908 ,
1413 2854 1466 2893 et
1489 2857 1715 2894 onerosa
1739 2855 1875 2896 esset

231 2907 347 2965 haec
369 2910 674 2968 Methodus
689 2910 1093 2967 Horticulturae
1117 2930 1212 2982 per
1231 2929 1416 2967 omnes
1445 2914 1753 2984 plantarum
1776 2919 1871 2970 de-

229 2995 402 3038 tectas'
437 2987 660 3054 species,

81 3053 464 3112 Habitationes
487 3059 796 3126 plantarum
818 3074 886 3112 ex
916 3055 1042 3112 loco
1075 3070 1356 3127 patescunt
1376 3102 1391 3129 a
1417 3059 1614 3128 quibus
1641 3074 1870 3128 constat,

228 3133 374 3182 unde
423 3128 735 3200 Plantatum
782 3132 985 3199 species
1023 3133 1411 3199 conquirendae
1449 3176 1465 3194 ,
1514 3152 1614 3204 pro
1649 3133 1870 3188 Herba-

229 3202 363 3274 riis,
405 3200 632 3273 Home,
676 3204 1000 3276 Medicina,
1050 3205 1505 3332 etROeconomia.
1724 3276 1836 3333 RE

1174 3299 1214 3346 4
1808 3294 1820 3315 ⁴
1838 3306 1870 3320 ..
