2439 3723
1175 21 1181 26 ’
1296 55 1414 146 (11)

514 215 868 315 ingenia,
948 218 1074 313 qui
1159 216 1933 317 praestantissimorum
2013 236 2382 311 quorum-

514 373 658 447 que
730 347 1112 424 hominum
1191 377 1347 426 mos
1426 366 1604 447 est,
1689 348 2219 446 ponderabat,
2304 366 2380 427 et

509 484 987 582 aphoristicae
1083 488 1466 562 brevitatiS
1559 485 1891 583 impense
1996 486 2376 561 studiosus

511 624 1087 720 perspicuitati,
1169 639 1244 696 et
1330 637 1686 721 tyronum
1766 620 2021 717 captui
2101 618 2372 717 minCffi,

511 752 734 853 quam
792 759 1240 853 oportuisset
1282 812 1306 852 ,
1390 756 1837 853 quandoque
1893 756 2365 833 inserviebat.

508 888 1012 989 Quamobrem
1057 889 1487 965 Professorii
1528 891 1850 964 muneris
1902 906 2144 988 partes
2182 914 2367 990 esse,

507 1040 730 1122 atque
801 1027 987 1100 adeo
1077 1050 1324 1124 operae
1388 1029 1708 1124 pretium
1791 1050 1912 1106 me
2000 1025 2373 1102 facturum

505 1164 803 1259 putavi,
853 1163 909 1235 si
961 1161 1245 1238 Linnaei
1297 1161 1712 1238 doctrinam
1756 1219 1780 1259 ‚
1820 1185 2076 1236 eorum
2114 1164 2370 1259 instar,

506 1298 635 1393 qui
681 1297 1025 1371 classicos
1068 1297 1433 1373 Auctores
1480 1302 2058 1394 interpretantur
2090 1353 2115 1392 ‚
2164 1320 2374 1371 com-

506 1435 880 1507 mentariis
907 1490 930 1527 ,
968 1451 1187 1531 atque
1226 1435 1824 1508 annotationibus
1866 1434 2361 1530 explanarem.

685 1567 1040 1664 Repetit&
1114 1571 1485 1643 Editionis
1564 1567 1805 1665 cura,
1883 1592 2103 1666 quarn
2183 1589 2372 1666 pene

494 1701 644 1806 jam
707 1701 1333 1831 jamim-absolutam
1401 1729 1529 1802 per
1579 1706 1792 1778 binos
1861 1727 2090 1778 annos
2155 1726 2370 1801 prop·

498 1852 613 1912 ter
681 1839 820 1912 alia
878 1843 1175 1940 negotia
1211 1897 1233 1934 ,
1303 1858 1375 1916 et
1440 1840 1800 1917 infirmam
1859 1840 2363 1915 valetudinem

497 1974 987 2049 intermittere
1059 1993 1364 2050 coactus
1437 1974 1779 2070 fueram,
1849 1974 2102 2050 videre
2175 1970 2360 2049 mihi

494 2110 815 2207 contigit
888 2109 1162 2185 Linnaei
1237 2109 1769 2202 Philosophiam
1849 2130 2127 2185 auctam
2183 2166 2208 2207 ‚
2287 2127 2360 2187 et

495 2244 930 2319 emendatam
991 2245 1163 2320 cura
1240 2246 1412 2322 Car.
1475 2246 1652 2320 Lud.
1708 2244 1829 2321 W
1824 2245 2187 2342 ildenow‚
2239 2247 2357 2327 Μ

492 2378 605 2454 D.
685 2377 915 2454 Berol.
985 2376 1062 2455 8.
1118 2402 1333 2481 1790
1375 2435 1399 2474 ,
1469 2383 1542 2452 in
1612 2404 1755 2476 qua
1825 2382 2177 2456 nonnulla
2238 2403 2356 2456 re-

490 2512 848 2609 formata,
911 2513 1051 2588 alia
1106 2533 1385 2588 mutata
1424 2571 1446 2606 ,
1509 2516 1716 2611 plura
1777 2517 2027 2589 addita
2082 2537 2178 2590 ex
2233 2537 2355 2589 re-

493 2652 908 2724 centiorum
985 2650 1295 2725 detectis
1332 2707 1356 2745 ‚,
1422 2654 1828 2747 praesertim
1882 2651 2346 2749 diligentissi-

492 2809 782 2860 morum
841 2785 1364 2860 Botanicorum
1403 2785 1773 2879 Gaetner.,
1835 2802 1908 2860 et
1958 2783 2351 2884 Hedwigii

491 2922 567 2996 in
661 2922 925 3019 plantis
987 2922 1571 3020 cryptogamicis
1623 2921 2070 2996 Lectoribus
2136 2919 2345 2995 utili-

489 3068 720 3129 tatem
767 3080 937 3130 cum
987 3053 1450 3156 jucunditate
1504 3057 1812 3151 parient.
1846 3053 1943 3129 At
2012 3056 2343 3130 doctissi-

487 3191 588 3264 mi
636 3188 848 3292 Viri,
884 3189 1215 3292 mihique
1262 3195 1742 3291 amicissimi,
1780 3191 2156 3276 Dominici
2217 3194 2342 3272 Ci-

2229 3315 2345 3382 ril-
