2439 3723
599 23 1365 86 DJFFERENTIA.
1759 37 1894 103 219

283 168 490 222 Floram
536 165 795 214 Suecicam
815 165 1240 230 MLapponicam
1269 162 1629 227 Zeylant‘cam:
1669 158 1755 215 his
1781 165 1928 219 adde

288 241 530 291 Gronovii
550 238 888 303 V1rgm1cam
913 238 1099 301 1(οᾶεηὶ
1120 235 1444 302 Leydensem‚
1466 233 1737 286 Guettardi
1761 239 1930 289 Stam-

281 327 525 380 pensem
551 309 1164 361 Dalibardikarisinam.

145 381 508 439 Characteres
537 376 798 433 foliorum
826 379 1118 433 dedimus'
1104 397 1156 432 m
1180 374 1624 431 antecedentibus
1649 378 1695 443 §.
1725 377 1817 447 83.

95 510 101 514 ,
146 458 366 510 Rariora
389 452 622 520 plurima
651 467 942 509 occurrunt
969 448 1135 519 folia
1158 469 1280 520 quae
1302 447 1561 520 specialia
1582 461 1740 518 sunt,
1762 453 1942 508 adeb-

211 542 328 592 que
356 543 453 581 nec
480 524 580 578 sub
607 525 850 594 generali
882 526 1105 579 notione
1131 526 1378 579 veniunt.

219 600 539 664 cucullatum
562 594 778 667 folium,
799 597 953 664 cujus
978 597 1151 652 latera
1175 596 1344 651 basim
1366 592 1555 653 versus
1578 591 1729 650 arcte
1756 595 1944 651 conni-

294 684 466 738 vent,
499 669 734 739 superne
761 670 1057 740 explicata.
1104 673 1382 724 Geranium
1420 670 1572 735 afric.

223 743 625 813 Glandulosum,
654 746 805 811 quod
836 743 1129 813 glandulas
1154 745 1446 796 insidentes
1475 741 1652 812 gerit.

422 817 496 870 in
526 822 844 870 serraturis.
880 819 1065 884 Salix
1095 820 1323 870 Persica.
1534 846 1539 851 ,

445 889 498 942 in
528 891 711 942 dorso:
765 893 952 943 Urena.

222 965 445 1017 Acerosa
487 959 623 1016 folia
652 960 883 1017 formam
908 960 1136 1019 aciculae
1170 971 1369 1031 gerunt
1394 1001 1410 1024 ,
1440 957 1727 1029 subulata,
1755 973 1807 1014 et
1830 959 1946 1029 ple-

298 1051 530 1102 rumque
558 1035 673 1089 basi
703 1035 1100 1089 articulatione
1127 1052 1278 1088 ramo
1307 1035 1505 1087 inserta
1527 1074 1543 1100 ,
1574 1034 1652 1085 uti
1681 1035 1946 1098 Comferae.

226 1110 476 1160 Radicata
502 1105 635 1161 folia
658 1151 674 1178 .,
703 1127 823 1177 quae
846 1106 1152 1163 Radiculas
1173 1107 1465 1162 demittunt
1504 1122 1533 1162 e
1566 1104 1866 1160 substanti&
1904 1107 1951 1159 i-

297 1179 445 1248 psius
489 1180 654 1235 Folii.

225 1253 518 1309 Coadunata
544 1295 561 1322 .,
590 1272 712 1327 quae
747 1253 982 1312 invicem
1026 1265 1392 1310 annectuntur
1421 1292 1439 1321 ‚
1484 1263 1545 1306 ut
1571 1249 1686 1306 basi
1714 1267 1947 1308 concre-

303 1339 481 1384 scant

223 1401 511 1452 Decussata
530 1417 598 1453 ex
624 1399 905 1486 Oppositis
929 1396 1061 1469 (83·
1083 1418 1103 1452 1
1125 1415 1208 1452 12.
1213 1395 1242 1470 )
1261 1396 1576 1468 profluunt,
1599 1410 1662 1453 ut
1686 1397 1728 1450 si
1750 1395 1944 1466 planta

300 1471 638 1531 verticaliter
668 1475 1029 1543 inspiciatur
1075 1468 1210 1526 folia
1245 1467 1649 1543 quadrifariam
1681 1482 1939 1540 vergunt.

155 1545 436 1614 synonyma
482 1541 743 1600 foliorum
792 1547 950 1602 varia
995 1548 1437 1614 supersedemus,

231 1620 440 1686 Incisa
463 1636 504 1672 3.
533 1622 820 1690 Dafnem,
847 1620 977 1674 vide
998 1622 1271 1676 Laciniata
1300 1635 1354 1686 p.
1383 1633 1477 1686 43.
1507 1632 1559 1670 n.
1585 1615 1680 1670 28.

224 1691 530 1744 Umbz'licata
557 1695 924 1762 quibusdam,
952 1693 1080 1745 vide
1096 1694 1291 1761 peltata
1314 1708 1365 1759 p.
1391 1689 1486 1757 48.
1516 1706 1569 1742 n.
1601 1702 1728 1757 119.
1834 1748 1839 1749 γ

226 1763 549 1832 Cui-pidum,
572 1767 700 1822 vide
721 1770 1029 1819 Acuminata
1051 1782 1103 1834 p.
1131 1785 1227 1835 44.
1252 1782 1304 1818 n.
1337 1761 1444 1834 38
1468 1765 1563 1816 sed
1590 1761 1843 1817 acumine
1868 1761 1950 1818 ri-

303 1836 637 1905 gidiuscula.

235 1911 478 1978 Aspera,
504 1912 639 1967 vide
666 1914 860 1966 Scabra
885 1929 938 1981 p.
967 1926 1062 1981 45.
1091 1928 1144 1964 n.
1177 1924 1269 1978 55.

232 1982 515 2052 Strrgosa.,
553 1986 683 2040 vide
719 1989 947 2055 Hispida
986 2002 1038 2053 p.
1068 2003 1167 2053 45.
1191 2002 1242 2037 n.
1275 1996 1371 2052 54.

233 2057 604 2124 Pubescentia
644 2060 772 2113 vide
802 2062 975 2111 Pilosa
1004 2076 1055 2126 p.
1084 2073 1180 2126 45.
1208 2074 1261 2110 n.
1294 2073 1384 2125 53.
1415 2054 1508 2108 sed
1539 2050 1731 2123 parum
1758 2053 1952 2124 pilosa.

233 2132 456 2197 Incana
478 2132 607 2184 vide
633 2137 922 2188 Tomentosa
946 2149 996 2198 p.
1026 2146 1120 2199 45.
1150 2147 1202 2182 n.
1230 2146 1318 2194 51.
1341 2127 1540 2194 Folia
1568 2144 1691 2194 quae
1711 2129 1954 2182 colorem

303 2201 563 2273 glaucum
592 2203 796 2261 habent
816 2245 834 2271 ‚
866 2217 920 2257 et
946 2200 1064 2259 fere
1090 2214 1407 2272 argenteum
1428 2242 1446 2268 ‚
1483 2202 1635 2268 quod
1661 2217 1728 2253 ex
1755 2219 1958 2270 super-

309 2273 433 2327 ficie
465 2275 730 2345 singulari
771 2277 972 2332 oritur.
1092 2320 1093 2323 ,

238 2350 479 2416 Amen,
507 2351 634 2403 Vide
657 2352 844 2401 Erecta
875 2366 925 2416 p.
954 2361 1050 2417 49.
1079 2363 1134 2406 n.
1167 2364 1229 2417 13
1248 2363 1294 2403 1..

237 2423 454 2504 Stricta,-
479 2423 608 2480 vide
633 2425 814 2491 Recta,
835 2423 930 2475 sed
951 2434 1117 2490 auget
1143 2417 1618 2491 significationem,
1639 2417 1847 2474 scilicet
1873 2435 1960 2476 re-

309 2493 572 2553 ctissima.

159 2573 529 2637 Ass-urgentia,
555 2566 828 2622 arcuatim
847 2578 1072 2636 erecta,
1094 2583 1136 2620 3.
1135 2561 1397 2641 prImum
1420 2562 1737 2635 declinata
1764 2582 1955 2620 versus

307 2639 521 2706 apicem
551 2643 772 2699 demum
797 2653 1001 2694 erecta.

233 2715 546 2783 Declinata
582 2717 839 2768 deorsum
865 2711 1073 2769 inflexa
1098 2711 1265 2766 instar
1291 2711 1491 2766 carinae
1517 2709 1834 2765 Naviculae.

160 2786 558 2914 Intelli{untut
585 2786 746 2843 varia
774 2782 909 2840 folia
932 2802 1029 2855 per
1057 2801 1112 2839 se
1133 2802 1202 2839 ex
1223 2781 1487 2884 foliorum
1509 2784 1652 2839 datis
1670 2781 1967 2840 characte-

314 2876 360 2913 ri
404 2875 462 2911 us
609 2902 612 2903 γ

239 2934 374 2984 Bina
404 2946 566 2998 prout
593 2933 821 2995 Terna
858 2931 1149 2999 Quaterna
1170 2948 1225 2999 p.
1253 2929 1349 3000 48.
1378 2948 1430 2984 n.
1464 2949 1483 2985 1
1504 2949 1523 2985 1
1542 2948 1592 2988 1.

240 3006 468 3057 Enervia
493 3008 745 3076 opposita
776 3008 1028 3058 Nervosis
1057 3023 1108 3072 p.
1137 3020 1231 3075 45.
1257 3021 1311 3057 n.
1336 3001 1429 3075 67.

243 3080 446 3132 Avenia
470 3081 722 3150 opposita
748 3082 800 3133 V
797 3099 960 3137 enosts
984 3096 1038 3150 p.
1068 3095 1163 3149 45.
1186 3095 1240 3135 n.
1268 3074 1369 3150 66.
