2439 3723
660 95 1405 157 D1FPEREN1-1A.
1809 96 1933 173 227

164 237 380 297 Modus
404 236 706 294 Nominum
726 231 1107 302 specificorum
1133 244 1212 285 est
1239 230 1330 284 vel
1359 228 1706 301 Synopticus.‚
1734 235 1827 289 vel
1853 233 1965 291 Es-

314 309 559 366 sentialis
581 349 600 375 ,
632 307 723 362 vel
754 323 823 360 ex
866 307 1116 374 utrisque
1155 304 1377 358 mixtuS.

90 420 238 500 289.
279 416 534 475 Nomen
588 412 955 492 specificum
1012 411 1432 492 Synopticum
1492 406 1678 492 (288)
1738 414 1969 489 plantis

255 498 718 579 congeneribus
779 495 840 583 (1
856 517 886 576 5
896 495 962 581 9)
1013 512 1191 558 notas
1234 495 1793 556 semidichotomas
1850 501 1972 560 im-

259 586 464 663 ponit.

151 667 267 726 Ubi
304 682 450 725 notae
486 667 798 725 essentiales
823 669 1022 738 speciei
1051 666 1372 738 investigari
1401 678 1682 735 nequeunt
1705 709 1722 735 ‚
1750 683 1969 723 necesse

302 756 403 811 est,
426 757 485 797 ut
508 761 605 813 per
631 742 920 812 Synopsim
950 741 1047 796 fiat
1070 741 1402 807 differentia,
1427 744 1682 809 adeoque
1703 740 1968 811 Synopsis

294 830 375 869 est
401 820 740 870 succedanea
768 812 1093 869 differentiae
1119 814 1437 868 essentialis,

148 885 217 942 In
246 888 562 972 vastissimis
598 888 887 958 generibus
923 889 1125 957 saepius
1145 891 1217 941 ad
1252 886 1533 956 synopsim
1560 887 1965 942 adsumendam

302 975 480 1015 coacti
524 979 729 1015 sumus·

293 1032 602 1100 Salixfoliis
613 1039 832 1088 serratis
837 1033 1045 1104 glabris
1060 1038 1225 1086 ovatis
1240 1035 1405 1085 acutis
1421 1030 1964 1101 subsessilibas.R0y.

456 1173 460 1174 ⁷
1457 1106 1741 1175 Synoptice'.

443 1177 594 1232 Salix
618 1180 855 1245 flosculis
889 1181 1215 1250 pentandris.
1250 1175 1406 1232 Flor.
1431 1177 1580 1246 lapp.
1618 1179 1925 1231 Essentiale.

291 1249 440 1306 Salix
473 1253 625 1317 fcliis
665 1255 1109 1322 subintegerrimis
1137 1251 1734 1303 lanceolata-linearibus
1775 1253 1959 1320 longis·

366 1329 514 1379 simis
536 1331 739 1380 acutis:
766 1327 948 1379 subtus
974 1330 1179 1378 sericeis
1197 1366 1216 1394 ‚
1245 1331 1404 1376 ramis
1430 1327 1677 1392 virgatis.
1700 1322 1784 1377 FJ.
1813 1341 1959 1379 suec-

1460 1398 1498 1448 S
1499 1399 1748 1464 ymptice‘.

434 1468 586 1526 Salix
599 1472 754 1537 foliis
775 1474 1056 1525 linearibus
1083 1473 1346 1523 revolutis.
1463 1471 1772 1521 Essemiale.

67 1599 208 1664 290.
252 1578 508 1641 Nomen
532 1578 900 1659 specificum
925 1579 1276 1640 Essentiale
1306 1574 1490 1660 (288)
1513 1588 1733 1635 notam
1768 1575 1955 1637 diffe-

233 1666 456 1726 rentiae
510 1664 898 1746 singularem
929 1713 948 1740 ‚
1001 1684 1205 1726 suaeve
1234 1663 1471 1743 speciei
1502 1676 1681 1721 tantu
1696 1665 1955 1750 :nmodp

236 1751 564 1829 propriam
597 1794 616 1824 ,
665 1751 948 1811 exhibet.
986 1787 992 1790 -
1947 1770 1955 1793 ’-

133 1834 355 1891 Nomen
384 1834 700 1905 specifieum
722 1836 1006 1891 essentiale
1027 1832 1335 1890 absolvitur
1361 1832 1546 1900 unic0,
1565 1829 1819 1886 alterove
1842 1848 1952 1887 vo-

282 1905 485 1964 cabulo
506 1949 524 1978 ‚
542 1927 585 1963 s·
618 1905 780 1963 unica
808 1908 949 1963 idea.
1098 1912 1102 1913 ’
1506 1973 1511 1975 ,

82 2039 106 2047 ‚
135 1980 742 2051 StabilitisGeneribu5‚
754 1996 808 2036 et
821 1980 1113 2052 Speciebus
1134 1979 1407 2035 essentiali
1431 1975 1749 2032 differentia
1766 1979 1950 2031 deter—

274 2055 492 2109 minatis
512 2095 530 2124 ,
554 2070 826 2109 summum
854 2057 1067 2125 apicem
1096 2056 1150 2107 in
1178 2072 1237 2108 re
1260 2050 1537 2107 Hei-baria
1565 2051 1863 2120 tetigimus.
1891 2050 1946 2106 Si

274 2127 529 2183 Botanici
549 2124 620 2183 eb
657 2131 878 2183 tandem
909 2127 1230 2198 perveniant
1258 2170 1275 2195 ,
1304 2140 1363 2181 ut
1389 2142 1576 2180 omnes
1603 2124 1809 2192 speeies
1838 2142 1949 2178 no·

277 2202 423 2257 mine
446 2200 739 2256 Essentiali
764 2203 1133 2256 determinare
1161 2213 1365 2268 queant
1386 2240 1403 2267 ‚
1438 2215 1549 2250 non
1571 2201 1738 2250 datur
1768 2197 1937 2252 ultra.

124 2273 454 2339 *Praestantia
475 2274 705 2329 nominis
724 2277 1075 2330 commendat
1097 2291 1153 2327 se
1173 2273 1479 2339 brevitate,
1499 2267 1769 2324 facilitate
1785 2311 1800 2339 2
1815 2288 1943 2325 cer-

278 2347 539 2401 titudine.

128 2418 351 2506 Valent·
366 2419 587 2475 nomina
612 2418 921 2475 essentialia
944 2415 1150 2488 absque
1172 2418 1439 2474 citatione
1462 2457 1481 2486 ‚
1508 2415 1662 2485 quod
1692 2414 1802 2468 alia
1834 2431 1941 2471 no-

72 2550 81 2560 ,
215 2542 218 2544 .
281 2511 429 2548 mma
453 2511 756 2562 nunquam.

69 2625 80 2630 ,
126 2565 427 2639 synopsis,
461 2565 688 2621 detecto
731 2564 950 2622 nomine
975 2564 1249 2621 essentiali
1280 2607 1297 2632 ,
1343 2579 1451 2618 non
1481 2561 1824 2617 admittenda
1853 2574 1938 2616 est

271 2641 329 2696 in
348 2637 665 2695 differentia
683 2638 963 2710 specific313
977 2639 1402 2694 allaborandum
1425 2637 1633 2704 itaque,
1647 2647 1708 2687 ut
1729 2637 1802 2688 ad
1823 2652 1939 2689 me-

275 2727 391 2771 tam
421 2715 642 2768 tandem
673 2712 1057 2783 perveniamus
1097 2712 1455 2781 propositam.

345 2784 728 2856 Eriophorum
775 2791 932 2857 spicis
961 2789 1205 2856 pendulis
1250 2782 1295 2838 F
1300 2784 1405 2838 lor.
1460 2782 1509 2834 la
1521 2798 1610 2850 pp.
1657 2795 1748 2833 22.

344 2857 622 2931 Plantago
662 2877 811 2931 scapo
848 2860 1061 2925 unrfloro
1107 2856 1194 2911 Fl.
1240 2857 1393 2924 lapp.
1437 2853 1532 2923 64.

347 2929 686 2988 Alchemilla
720 2935 874 2999 foliis
919 2933 1236 3002 simplicibus
1281 2929 1362 2983 ΡΙ,
1416 2930 1567 2997 lapp.
1616 2923 1712 2981 66.

349 3001 686 3060 Alchemilla
720 3008 875 3072 foliis
903 3008 1146 3076 digitatis
1190 3002 1235 3058 F
1240 3003 1278 3057 1.
1319 3003 1471 3072 lapp.
1525 2999 1619 3065 67.

347 3075 723 3147 Menyanthes
755 3081 909 3145 foliis
952 3082 1169 3131 ternatis
1213 3076 1300 3130 Fl.
1342 3076 1494 3146 lapp.
1545 3074 1636 3129 80.

346 3146 711 3206 Convallaria
755 3169 904 3222 scapo
953 3153 1083 3204 nudo
1137 3149 1416 3218 Flflapp.
1458 3164 1585 3203 112.

351 3219 715 3282 convallaria
741 3226 895 3291 foliis
930 3227 1263 3349 verlgiciuatis
1301 3223 1390 3280 Fl.
1434 3223 1587 3291 lapp.
1631 3238 1756 3289 ¹14·
1808 3286 1849 3342 P

1080 3310 1110 3349 2
1854 3308 1928 3358 y-
