2439 3723
576 59 704 144 236
1071 57 1842 124 ,D·1FFERENT1A.

711 201 968 260 REcrms
991 222 1006 258 ε
1034 201 1354 272 aethiopica,
1382 202 1647 271 maxIrna,
1667 197 1973 267 maculata,
2002 210 2394 268 repraese'ntans

780 278 1057 332 aviculam
1071 279 1303 331 niveam:
1321 289 1562 329 notatam
1580 275 1634 327 in
1654 277 1818 326 dorso
1841 270 2056 327 macula
2077 276 2397 347 sanguinea,

787 348 951 421 galea
970 351 1205 406 caerulea
1227 345 1557 418 amplissima
1577 344 1836 415 adspersa
1860 345 2092 414 pulvere
2113 363 2398 418 argenteo-

523 515 666 581 302.
713 479 1048 572 Adjeetiva
1081 493 1257 577 (300)
1289 495 1349 554 in
1380 493 1632 554 nomine
1662 490 1958 569 specifico
1986 505 2285 571 usurpata
2306 542 2324 567 ‚
2353 512 2390 555 e

689 581 972 643 terminis
1004 582 1155 640 artis
1180 580 1426 640 selectis
1444 574 1700 661 (80-86)
1726 623 1742 650 ‚
1768 577 1817 634 si
1847 579 2034 636 modo
2065 579 2386 641 sufficien-

694 667 862 726 tibus
911 666 1185 742 petenda
1238 678 1399 723 sunt.

600 784 667 840 In
690 782 959 837 Tei-minis
998 783 1129 836 artis
1156 783 1197 836 si
1222 781 1550 835 conveniant
1576 780 1826 835 Botanici
1852 822 1870 848 ,
1917 792 1970 835 et
2010 781 2054 836 si
2085 794 2397 839 constantes

668 857 771 910 sint
806 856 858 908 in
892 855 1105 924 scriptis
1127 898 1144 926 .‚
1182 852 1448 908 facillima
1476 857 1679 907 evadet
1709 854 1961 916 scientia..

595 931 948 999 Periphrasim
972 945 1247 996 nunquam
1269 927 1526 981 admittat
1543 925 1854 994 Botanicus,
1869 929 2136 992 quamdiu
2148 928 2396 983 Termini

663 1019 796 1055 artis
829 1003 929 1055 rite
958 1000 1166 1055 definiti
1197 1012 1513 1057 occurrunt.
2136 1048 2149 1059 .,

593 1079 874 1146 Synonyma
898 1074 1283 1129 Terminorum
1307 1072 1706 1138 excludantur,
1728 1082 1783 1123 et
1809 1069 1999 1125 unicus
2021 1079 2210 1128 consta
2224 1091 2282 1129 ns
2301 1115 2318 1144 ,
2345 1085 2402 1130 et

668 1147 901 1202 selectus
941 1145 1293 1201 adhibeatur.

1039 1224 1340 1290 Synonyma.

662 1290 914 1362 Lychnis
942 1298 1140 1346 viscosa
1481 1324 1497 1380 l
1572 1325 1583 1338 ,

669 1364 920 1435 Lychnjs
949 1370 1211 1436 glutinosa
1241 1364 1353 1419 Rd.
1378 1289 1421 1426 Ξ
1442 1345 1475 1397 g
1504 1338 1743 1383 annosa·

659 1438 1230 1582 {3²;{.⁰.⁹}33'01.¹‡¹32235;
1235 1435 1477 1492 ...cs
1501 1437 1945 1574 }1²r00¹1¹¹¹b21¹⁵·

669 1584 995 1654 Ligustrum
1018 1587 1169 1650 foliis
1187 1589 1364 1654 pictis.
1393 1583 1564 1639 Weh.
1975 1617 1985 1628 ·
2126 1618 2138 1631 .

592 1695 596 1698 -
668 1657 1085 1713 Laurocerasus
1100 1660 1253 1723 foliis
1280 1661 1587 1738 variegatis.
1617 1580 2185 1717 Weh.}V³rlegat1⁵·

669 1729 929 1784 Pilosella
969 1749 1083 1800 rep.
1118 1734 1338 1784 hirsuta.

665 1833 700 1843 -
736 1832 772 1843 -
810 1833 843 1842 -
871 1806 1003 1869 folio
1025 1807 1189 1874 piloso
1467 1753 1733 2000 }pilosa·

664 1906 701 1917 ·-
738 1906 771 1915 -
808 1907 843 1914 -
869 1879 998 1942 folio
1026 1881 1223 1929 villoso.

662 1945 1125 2016 Quinquefolium
1145 1950 1442 2018 pubescens.

660 2021 978 2075 Hieracium
1009 2025 1177 2074 radice
1203 2025 1402 2073 succisa*
1428 2017 1495 2074 C.
1522 2021 1587 2075 Β.
2046 2052 2065 2071 ι.

660 2093 983 2149 Hieracium
1021 2097 1189 2147 radice
1221 2096 1518 2163 prcemorsd.
1545 2092 1696 2148 Nlor.
1719 2018 1762 2155 }
1783 2072 2095 2126 praemorsa⁰

1033 2170 1133 2219 Per
1179 2169 1549 2236 Periphrasim.

659 2237 1125 2308 Quinquefolium
1162 2242 1299 2291 molli
1335 2242 1575 2310 lanugine
1593 2237 1894 2309 pubescens.
1933 2236 1979 2291 I.
2010 2236 2076 2291 Β.
2108 2232 2391 2296 villosum.

659 2313 895 2382 Conyza
921 2315 1145 2366 humidis
1181 2316 1304 2364 locis
1332 2318 1661 2382 proveniens.
1688 2311 1734 2366 I.
1765 2311 1828 2366 B.
1860 2310 2137 2379 palustris.

656 2385 889 2442 Muscus
909 2403 1228 2456 squamosus
1254 2386 1307 2439 in
1336 2390 1482 2455 aquis
1508 2405 1737 2439 nascens.
1767 2383 1964 2438 Moris.
1991 2380 2303 2452 aquaticus·

517 2521 660 2585 303.
686 2502 1056 2577 particulas,
1082 2502 1418 2578 adjectiva,
1439 2501 1972 2578 substantivaque,
1989 2499 2381 2577 conjungen-

687 2600 779 2648 tes
809 2636 827 2662 ,
881 2608 1109 2649 nomen
1149 2587 1514 2665 specificum
1543 2585 1864 2646 excludat.

583 2677 866 2728 Particulae
891 2673 1156 2740 eJ'usmodi
1183 2686 1307 2726 sunt
1330 2690 1346 2724 ε
1390 2669 1502 2725 Vel

805 2745 1223 2813 Conjunctivae:
1267 2761 1316 2796 et
1343 2787 1361 2814 .,
1405 2760 1553 2814 atque
1576 2784 1593 2812 ‚
1621 2744 1796 2797 simul.

803 2819 1163 2886 Disjunctivae
1190 2837 1206 2872 ε
1252 2820 1336 2871 vel
1360 2859 1377 2886 .‚
1418 2822 1528 2870 sive
1551 2857 1569 2886 ‚
1602 2837 1710 2869 seu.

583 2891 731 2948 Casu
755 2894 993 2963 ablativo,
1014 2892 1217 2961 absque
1246 2888 1363 2945 ulla
1387 2889 1792 2959 praepositione,
1818 2898 1961 2942 notae
1981 2902 2165 2942 omnes
2186 2884 2239 2939 in
2260 2882 2383 2940 dif-

662 2961 896 3019 ferentia
931 2977 1330 3034 proponantur.

583 3034 696 3093 Ubi
717 3051 901 3090 autem
923 3041 1038 3091 duo
1059 3039 1277 3092 diversa
1299 3036 1592 3091 indicanda
1619 3038 1674 3091 in
1703 3035 1896 3088 eadem
1926 3029 2113 3102 planta
2133 3073 2151 3100 ‚
2171 3031 2382 3086 utimur

656 3121 788 3164 nota
807 3129 887 3177 ve,
914 3109 1003 3164 vel
1029 3110 1196 3179 quein
1225 3107 1330 3162 fine
1351 3111 1622 3175 sequentis
1654 3106 1937 3178 vocabuli,
1962 3123 2029 3163 ne
2052 3118 2254 3177 augeat
2274 3121 2379 3157 nu-

657 3197 869 3243 metum
907 3181 1347 3240 vocabulorum:
1393 3199 1442 3239 e.
1481 3198 1567 3255 gr.
2228 3245 2275 3304 c

2280 3263 2379 3303 ar-
