2439 3723
538 85 666 153 234
1083 69 1792 134 DIFFERENTM.

496 231 640 296 299.
691 210 1046 274 Similitudo
1086 213 1288 274 omnis
1317 261 1334 289 ‚
1383 214 1444 274 in
1489 214 1740 274 nomine
1783 208 2078 291 specifico
2107 228 2372 291 usurpa-

662 310 770 371 ta,
826 299 1050 359 dextra
1131 319 1317 360 manu
1398 300 1606 360 notior
1663 300 1785 361 erit
1820 345 1837 373 ‚
1889 297 2041 358 licet
2115 309 2182 359 et
2236 300 2372 362 haec

673 381 878 444 minus
926 386 1158 463 placet.

505 550 511 558 .
562 503 876 560 Similitudo
905 504 1068 558 unico
1096 502 1269 559 verbo
1295 502 1553 559 exhaurit
1579 505 1633 559 id
1661 546 1679 573 .,
1703 505 1854 573 quod
1877 502 2127 572 alioquin
2152 501 2372 574 integra

639 577 888 631 oratione
911 578 1406 648 demonstraretur3
1429 579 1522 631 sed
1552 580 1724 632 omnis
1746 578 2050 631 similitudo
2072 577 2373 646 claudicat,

634 651 875 718 ideoque
902 650 1066 702 etiam
1089 650 1143 702 in
1165 651 1298 704 artis
1323 653 1564 705 dedecus
1587 652 1880 705 assumitur
1909 650 2080 703 omnis
2114 648 2376 705 similitu·

634 725 710 775 do
751 721 983 774 obscura
1008 762 1025 788 ‚
1051 734 1106 774 et
1135 738 1242 774 non
1274 724 1569 791 unicuique
1603 720 2062 777 manifestissima.

562 793 909 850 Assumenda
936 794 1123 861 itaque
1163 793 1317 847 nulla
1338 795 1451 849 alia
1483 796 1785 850 similitudo
1813 838 1830 864 .,
1871 794 2037 863 quam
2064 811 2096 847 a
2126 791 2377 862 partibus

636 880 871 920 externis
919 866 1170 934 corporis
1217 864 1443 921 humani
1465 910 1481 934 .,
1511 869 1592 922 uti
1640 869 1808 921 Auris
1833 909 1851 935 .‚
1879 869 2103 936 DIgitus
2124 908 2141 936 .‚
2173 865 2370 921 Umbi-

644 940 785 993 licus
809 978 822 1000 ‚
851 936 1068 993 Oculus
1086 980 1104 1007 .‚
1130 938 1381 994 Scrotum
1404 983 1422 1011 ‚
1449 940 1601 995 Penis
1623 982 1638 1009 ,
1683 939 1877 994 Vulva
1899 983 1917 1009 ,
1939 939 2185 993 Mamma
2208 959 2226 1007 ς
2258 958 2365 996 non

641 1009 780 1066 verb
810 1010 880 1064 ab
907 1013 1134 1065 internis
1154 1014 1409 1082 corporis
1437 1014 1686 1084 partibus
1707 1054 1724 1082 ‚
1763 1030 1886 1081 quae
1921 1013 2240 1066 anatomicis
2280 1029 2378 1066 so-

647 1084 762 1138 lum
793 1086 1100 1140 notissimae.
2109 1090 2132 1140 .'
2235 1141 2238 1145 .
2316 1114 2321 1119 “
2363 1144 2368 1147 t

566 1158 884 1214 Similitudo
908 1157 1060 1212 valet
1099 1158 1212 1212 sine
1256 1155 1800 1229 definitione.,³qu0d
1840 1156 2027 1214 nullus
2073 1154 2218 1212 alius
2243 1158 2390 1212 artis·

641 1245 924 1285 terminuS.

563 1302 848 1358 Obscuras
887 1303 1270 1359 similitudines
1292 1347 1309 1375 ‚
1335 1318 1390 1359 et
1417 1301 1641 1373 quidem
1679 1303 1946 1375 plurimas
1967 1346 1985 1374 .,
2017 1302 2376 1359 introduxere

635 1376 889 1432 Botanici
923 1394 1033 1431 non
1060 1378 1310 1432 omnibus
1338 1393 1492 1432 notas
1515 1420 1531 1445 ,
1555 1396 1601 1432 e.
1626 1393 1709 1448 gr.

712 1450 992 1519 Agaricus
1018 1452 1442 1521 tubaeleopianae
1465 1456 1632 1504 instar
1666 1451 1736 1506 T.

705 1521 913 1576 Orchis
935 1526 1357 1593 anthropophora.
1535 1589 1541 1593 ,

707 1593 914 1649 Orchis
946 1600 1158 1649 Simiam
1180 1600 1412 1663 referens
1439 1594 1506 1651 C.
1535 1595 1600 1651 B.

707 1666 914 1722 OrchiS
941 1672 1348 1738 Cercopithecum
1372 1674 1664 1740 exprimens
1690 1667 1820 1726 Col.

710 1739 916 1795 Orchis
947 1744 1182 1793 IWuscam
1206 1745 1454 1808 referens.
1508 1792 1511 1795 .

707 1812 1276 1883 Mesembsyanthem„
1325 1830 1549 1869 rostrum
1576 1814 1765 1871 Ardeae
1792 1817 2020 1882 referens
2046 1812 2124 1872 D.

668 1894 672 1897 ’
707 1885 1190 1955 Mesembryanth.
1220 1894 1405 1941 rictum
1439 1895 1673 1941 caninum
1705 1891 1932 1954 referens
1961 1888 2035 1944 D.

706 1957 1192 2028 Mese'mbryanth.
1225 1967 1409 2013 rictum
1425 1964 1651 2026 felinum
1677 1965 1903 2027 referens
1925 1961 1998 2015 D.

648 2073 653 2076 -
708 2030 888 2085 Lotus
923 2036 1127 2102 siliquis
1146 2036 1304 2102 pedes
1332 2039 1564 2086 corvinos
1587 2037 1813 2099 referens
1841 2032 1908 2087 C.
1938 2033 2004 2087 B.

709 2104 937 2174 Fungus
955 2109 1085 2174 pilis
1106 2108 1337 2175 Capreoli
1354 2123 1576 2176 prorsus
1603 2109 1855 2159 similibus
1877 2105 2030 2160 Loes.

706 2176 970 2245 Atriplex
995 2184 1180 2230 semine
1202 2180 1465 2248 bucephali
1486 2177 1614 2234 Col.

703 2249 893 2304 Arbor
930 2250 1076 2304 acul.
1128 2252 1293 2304 ramis
1326 2253 1577 2308 incurvis
1603 2294 1622 2322 .,
1665 2272 1865 2306 scenam
1892 2255 2161 2322 topiariam
2210 2248 2373 2318 effor-

857 2342 1021 2376 mans.
1051 2321 1254 2379 Plukn.
1450 2372 1456 2373 ff

705 2394 937 2466 Fungus
965 2394 1204 2449 daedaleis
1224 2394 1438 2450 sinubus
1459 2397 1530 2452 T.

702 2466 936 2538 Fungus
962 2471 1331 2538 auriscalpium
1359 2472 1607 2535 referens.

706 2537 1037 2593 Hemionitis
1051 2543 1182 2605 folio
1206 2547 1401 2593 securis
1428 2545 1668 2596 Romanae
1682 2545 1884 2612 figura.
1903 2540 2069 2596 Pluk.

707 2611 936 2668 Medica
968 2615 1305 2680 caseiformis.
1341 2612 1534 2670 Rudb.

482 2777 623 2843 300.
670 2757 921 2820 Nomen
952 2758 1328 2837 Specificum
1375 2756 1619 2820 nullum
1649 2758 2037 2837 adjectivum
2064 2757 2194 2821 sine
2241 2777 2360 2839 op·

664 2845 866 2921 posito
898 2844 1306 2908 substantivo>
1340 2844 1666 2907 adhibeat.

557 2970 795 3028 Nullum
819 2973 1154 3036 adjectivum
1174 3016 1192 3043 .,
1219 2976 1473 3042 adeoque
1495 2971 1712 3028 nullum
1733 2974 2078 3031 adtributum
2106 2973 2161 3028 in
2184 2974 2368 3028 nomi-

630 3062 700 3097 ne
727 3045 1012 3115 specific0.,
1039 3048 1152 3100 sine
1179 3063 1482 3116 praegresso
1503 3047 1877 3119 substantivo7
1898 3050 1989 3103 cui
2011 3049 2364 3118 respondean}

629 3116 731 3170 ubi·
754 3131 937 3172 autem
958 3119 1110 3172 nulla
1133 3137 1256 3187 pars
1285 3117 1433 3188 prius
1461 3122 1756 3192 nominata,
1770 3122 1842 3178 ibi
1862 3124 2190 3195 supponitur
2214 3136 2358 3190 prae-

643 3190 821 3247 dicari
860 3193 931 3248 de
969 3189 1086 3248 tota
1112 3192 1326 3262 planta.
2221 3260 2333 3318 Sub
