2439 3723
527 103 644 147 122
1022 83 1787 151 CRARACTERES.

621 228 839 285 Stamen
863 226 1207 286 mutilatum:
1239 234 1507 302 Curcuma,
1528 234 1760 301 Chelone,
1781 232 2051 302 Bignonz'a,
2067 231 2346 297 Martym'a.

619 302 755 359 Pori
796 300 1110 358 nectariferi
1153 305 1204 359 in
1254 306 1527 375 unguibus
1580 304 1887 376 petalorum
1928 304 2238 361 Ranunculi.

551 430 560 438 ,
612 375 791 432 Κίηιεε
836 377 1038 431 clausae
1087 378 1227 430 intra
1272 380 1542 432 corollam
1587 380 1953 446 Hydropbytli.

613 450 882 507 Nectaria
932 449 1191 504 tubulosa
1218 491 1234 518 .,
1278 452 1581 536 Hellebori3
1629 452 1873 520 Nigellce.

613 527 965 594 Hyoscyamus
1005 522 1234 591 capsula
1257 524 1587 592 operculata
1609 523 1974 592 distinguitur
1997 542 2028 577 a
2058 525 2356 594 Physalide.

612 600 881 651 Pancratii
906 596 1135 650 stamina
1158 598 1402 651 nectario
1431 597 1631 650 inserta
1652 637 1670 666 ,
1698 597 1917 650 diversa
1946 614 1976 649 a
2001 598 2271 652 Narcisso.

611 672 825 724 Resedae
853 669 1158 723 nectarium
1186 668 1415 724 laterale
1432 711 1448 737 7
1466 667 1682 724 corolla
1704 712 1721 737 ‚
1742 684 1798 723 et
1828 668 2034 738 pistillo
2056 669 2234 722 vario.

611 740 938 811 Campanulae
967 742 1267 795 nectarium
1294 741 1497 809 5valve
1518 785 1536 810 ‚
1563 742 1792 812 capsula
1810 785 1827 809 ,
1849 755 1903 795 et
1927 739 2143 796 corolla
2167 740 2349 798 varia.

608 818 715 866 Iris
762 813 960 881 stigma
999 814 1283 882 singulare
1310 856 1328 883 ‚
1377 815 1605 870 corollae
1649 814 1824 869 barba
1866 815 2044 870 varia.

464 928 605 993 172.
650 909 712 969 Si
757 921 907 968 nota
961 907 1172 986 ‘aliqua
1203 907 1709 969 fructificationis
1765 907 2100 990 singularis
2135 905 2340 990 (105),

634 995 738 1056 vel
773 993 866 1053 sui
908 993 1155 1074 generis
1198 994 1456 1072 propria
1507 990 1688 1077 (171)
1743 994 1806 1052 in
1848 992 2177 1071 speciebus
2219 1012 2344 1053 non

631 1079 921 1142 omnibus
968 1078 1169 1153 adsit3
1199 1095 1278 1139 ne
1333 1079 1515 1158 ,plura
1559 1096 1795 1158 genera
1837 1077 2345 1154 accumulentur,

498 1230 501 1236 ,
563 1197 571 1204 ·
632 1166 1013 1227 cavendum.

527 1255 717 1320 Erica‚
741 1262 802 1303 et
828 1248 1152 1302 Andromeda
1173 1262 1338 1304 antea
1366 1265 1566 1321 genere
1588 1245 1777 1317 juncta
1804 1243 1992 1320 fuere,
2018 1249 2113 1304 sed
2141 1243 2337 1303 anthe·

598 1343 671 1379 ωε
701 1324 948 1378 bicornes
979 1325 1142 1375 Ericae
1172 1325 1428 1393 propriae.
2176 1349 2181 1354 ·

489 1451 501 1465 ,-
522 1400 860 1452 Ranuncalus
883 1397 1149 1451 adsumsit
1172 1411 1337 1452 antea
1358 1397 1768 1466 Adonidem,sed
1790 1398 1990 1450 Adonis
2009 1406 2161 1450 caret
2187 1394 2340 1465 poris

601 1465 963 1525 nectariferiS.

523 1548 653 1598 Alo?
676 1586 693 1613 7
742 1556 795 1597 et
820 1547 1005 1613 Agave
1033 1543 1176 1597 idem
1203 1559 1376 1614 genus
1400 1538 1804 1598 constituebant
1827 1584 1845 1613 ‚
1897 1544 1992 1598 sed
2021 1541 2250 1596 stamina
2277 1539 2333 1596 in

597 1616 703 1672 hac
733 1633 840 1671 non
864 1617 1221 1685 receptaculo
1243 1658 1261 1688 ,
1301 1630 1357 1672 at
1384 1615 1610 1672 corollae
1636 1618 1838 1672 inserta
1858 1656 1877 1687 ‚
1917 1630 2212 1684 utrumque
2236 1632 2336 1685 ge-

597 1708 698 1746 nus
750 1689 1118 1760 distinguunt.

457 1816 600 1881 173.
646 1797 706 1857 Si
758 1811 906 1859 nota
937 1795 1153 1878 generi
1183 1796 1516 1880 singularis
1550 1792 1732 1883 (105)
1769 1796 1963 1861 etiam
1998 1795 2063 1858 in
2096 1815 2328 1879 genere

619 1883 795 1965 affini
821 1883 1174 1962 reperiatur
1203 1933 1221 1959 ‚
1254 1905 1332 1945 ne
1364 1886 1534 1945 idem
1564 1905 1758 1967 genus
1788 1886 1849 1947 in
1880 1886 2059 1965 plura
2079 1931 2098 1958 ‚
2138 1885 2328 1964 quam

621 1983 847 2029 natura
905 1967 1159 2029 dictitat
1185 2018 1204 2043 ,
1267 1985 1591 2047 separetur
1619 2019 1637 2043 ,
1675 1974 2059 2032 cavendum.
2088 1969 2126 2007 *

520 2056 562 2107 S
564 2056 708 2107 edum
731 2096 748 2122 ‚
777 2056 1162 2124 Sempervivum
1184 2095 1201 2123 ‚
1223 2057 1470 2107 Rhodiola
1490 2098 1509 2126 .,
1527 2058 1774 2110 Crassula
1795 2098 1812 2126 :-
1843 2058 2035 2123 Tillea,
2058 2056 2326 2124 Cotyledon

593 2127 846 2181 nectariis
893 2126 1085 2195 pistilli
1130 2127 1245 2181 basi
1288 2126 1715 2182 adhaerentibus·

449 2247 463 2250 ,,
509 2202 800 2269 Epilohium
827 2242 844 2269 ‚
898 2203 1176 2253 Oenothera
1221 2200 1415 2269 calyce
1462 2198 1743 2258 tubu1030.

508 2275 804 2342 lists-pilus„
845 2275 1150 2343 Crataegm,
1201 2273 1396 2326 Sorbus
1446 2272 1598 2328 floris
1648 2274 1950 2331 structura.

507 2349 721 2416 Alnus,
757 2349 942 2398 Betula
985 2343 1231 2401 flosculis
1277 2345 1454 2401 tribus
1498 2365 1668 2417 supra
1717 2347 1980 2403 foliolum
2023 2347 2246 2404 amenti.

448 2469 589 2535 174.
635 2453 778 2525 Quo
799 2446 1197 2514 constantior
1213 2470 1359 2531 pars
1383 2453 1592 2534 aliqua
1613 2451 2320 2540 fructificationis(167)

608 2551 702 2598 est
746 2537 807 2598 in
851 2536 1134 2616 pluribus
1172 2537 1502 2616 speciebus
1530 2585 1547 2611 ‚
1601 2557 1678 2598 eo
1726 2539 1922 2598 etiam
1972 2542 2318 2602 certiorem

610 2622 872 2683 exhibet
902 2637 1118 2684 notam
1148 2623 1534 2703 genericam.
1566 2622 1605 2661 *

508 2712 734 2780 Hypecoi
754 2710 759 2714 ’
783 2707 841 2762 N
845 2704 1111 2762 ectarium
1138 2750 1155 2778 ,
1207 2725 1316 2762 non
1354 2707 1564 2777 Siliqua
1609 2720 1869 2764 constans·
1918 2721 2015 2764 est.

509 2785 843 2835 Convallariae
870 2780 1049 2836 Bacca
1078 2781 1375 2852 maculata,
1394 2798 1503 2838 non
1526 2779 1758 2838 Corolia
1783 2786 1913 2836 Lilii
1930 2787 2191 2856 convalui,
2211 2789 2316 2841 Po-

585 2858 810 2924 lygonati
835 2895 853 2924 7
892 2857 1130 2920 Unisolii.

513 2928 700 2978 Cassiae
744 2926 960 2981 corolla
985 2970 1003 2997 a
1047 2944 1155 2982 non
1200 2927 1419 2997 siliqua.

509 3000 723 3122 Loffliae
749 3000 962 3054 corolla
981 3042 999 3070 ,
1027 3017 1133 3055 non
1160 2997 1376 3057 fructus
1398 3004 1612 3057 Lobeliae
1631 3046 1648 3074 .‚
1673 3006 1968 3060 Cardinalis
1989 3048 2007 3077 ‚
2035 3009 2304 3079 Rapuntitg

635 3088 891 3127 aurentlae·

504 3145 747 3200 Verbenae
788 3144 955 3215 calyx
976 3187 994 3216 ‚
1022 3157 1076 3202 et
1096 3145 1347 3219 corolla,
1386 3164 1495 3206 non
1533 3151 1762 3208 stamina
1783 3193 1800 3223 .,
1835 3165 1888 3211 et
1927 3153 2131 3211 semIna
2163 3153 2299 3209 She-

582 3218 773 3274 rardiae
794 3220 860 3274 V.

561 3319 563 3321 ,
2235 3296 2306 3356 In
