2439 3723
634 75 1347 141 DIFFERE'NTIA.
1766 91 1891 159 233

343 220 532 277 Alsine
568 221 820 272 altissima
856 231 938 272 est
979 220 1154 274 minor
1190 216 1391 272 Betui&
1433 218 1594 272 nana.

74 335 79 341 -
126 295 336 365 Contra
351 292 903 360 autemsentiendum
909 292 1002 345 ubi
1023 293 1394 359 superlativus
1416 294 1620 360 gradus
1635 290 1930 347 adhibetur

204 372 274 423 de
297 367 501 434 plantae
517 364 790 430 praesentis
808 379 1025 432 parte,e
996 378 1051 418 et
1075 366 1218 419 indi
1210 377 1278 417 at
1297 378 1502 432 partem
1519 380 1596 416 ess
1603 382 1628 415 e
1646 367 1933 418 maximam

179 441 344 493 inter
384 451 567 489 omnes
603 435 802 503 plantae
843 451 1062 508 partem,
1104 451 1219 490 tum
1247 436 1388 488 enirn
1417 437 1640 504 egregia
1678 451 1803 488 nota
1832 453 1931 490 est.

273 506 510 633 Ιιοὶκὲίἶίῑ
528 509 835 581 pedunculis
874 511 1229 579 brevissimis‚
1257 511 1374 560 tubo
1394 510 1587 560 corollae
1619 511 1934 576 longissimo.

494 596 588 649 oy·

58 726 61 728 ι
106 701 109 705 .
136 653 392 729 Ειρτοηεει
413 666 535 707 sunt
559 653 774 707 nomina
798 654 1052 722 specifica
1087 655 1300 723 omnia,
1335 671 1456 725 quae
1478 651 1943 722 comparationem

210 727 417 782 habent
446 739 604 780 extra
634 726 896 794 plantam.

364 799 688 866 Equisetum
728 802 914 853 laevius
956 799 1085 867 Raj.

353 870 615 926 Pilosella
644 878 802 941 major
823 914 839 941 ‚
863 879 1029 925 mimis
1057 878 1256 927 hirsuta
1283 871 1350 928 C.
1381 873 1444 926 B.

356 944 618 1002 Pilosella
637 950 798 997 minor
819 985 836 1013 .,
849 948 981 1011 folio
1002 953 1327 1017 angustiore
1358 948 1521 997 mimis
1537 948 1700 1014 piloso
1728 942 1774 997 I.
1802 944 1867 998 B.

68 1095 212 1177 298.
256 1092 511 1153 Nomen
541 1091 903 1168 specificum
935 1092 1218 1153 terminis
1258 1089 1589 1171 positivi3‚
1625 1108 1749 1148 non
1782 1087 1944 1170 verb

239 1164 614 1259 negantibus
645 1223 663 1249 ‚
717 1191 948 1238 utatur.

80 1356 84 1358 ,
140 1307 425 1434 Nega-ulva
453 1303 592 1375 nihil
617 1305 811 1360 dicunt
837 1347 854 1375 ‚
884 1306 975 1362 vel
1002 1309 1192 1363 dicunt
1220 1308 1372 1376 quod
1401 1321 1509 1359 non
1531 1317 1611 1359 est
1632 1347 1650 1375 ‚
1671 1321 1779 1359 non
1805 1300 1945 1359 verb

267 1399 323 1435 ui
369 1393 489 1434 est.

145 1400 431 1521 Qutgmdiu
460 1449 742 1506 vocabula
767 1451 1006 1520 positiva
1033 1455 1232 1508 adsunt
1256 1495 1273 1522 .‚
1299 1467 1577 1520 nunquam
1606 1449 1734 1503 licet
1758 1450 1955 1518 priva-

216 1527 345 1580 tivis
378 1524 459 1578 uti
482 1566 499 1592 „
527 1526 782 1592 adeoque
818 1541 1030 1594 semper
1065 1540 1258 1597 parata
1292 1539 1457 1580 erunt
1481 1522 1757 1580 vocabula
1784 1564 1802 1592 ‚
1828 1538 1954 1589 quae

212 1599 364 1651 ideas
387 1597 668 1665 oppositas
695 1599 1029 1662 exprimunt.

140 1671 599 1738 Subrotundumsst
616 1671 899 1741 oblongum.
1063 1674 1295 1742 Simplex
1364 1711 1382 1740 .,
1471 1684 1520 1722 et
1615 1672 1954 1738 compositum.

145 1745 492 1796 Rotundatum
531 1772 563 1780 -
602 1746 923 1814 angulatum.
1062 1748 1371 1797 Petiolatum
1410 1773 1437 1782 -
1476 1769 1506 1778 -
1546 1771 1580 1779 -
1619 1744 1813 1793 sessile.

146 1819 358 1869 Fissum
389 1846 424 1855 —
460 1844 493 1854 -
530 1825 564 1854 -'
604 1821 905 1871 indivisum.
1064 1820 1218 1869 Erect
1223 1838 1281 1868 us
1347 1846 1376 1855 -
1412 1845 1438 1855 -
1475 1845 1509 1853 -
1546 1844 1580 1852 -
1620 1815 1881 1867 volubilis.

146 1892 393 1942 Ohtasum
459 1917 493 1927 -
530 1918 564 1928 -
602 1905 822 1942 acutum.
1062 1894 1216 1942 Teres
1262 1917 1573 1928 -----
1612 1888 1914 1955 angulatas.

145 1965 393 2032 Pungens
460 1991 493 2000 -
532 1991 565 1999 -
603 1967 808 2015 inerme.
1062 1964 1485 2031 Simplicissimus
1541 1989 1572 1998 -
1613 1978 1865 2012 ramosus.

145 2037 414 2088 Serratum
461 2064 495 2074 -·
532 2064 564 2072 -
603 2038 1009 2104 integerrimum.
1063 2039 1285 2086 Aristarc
1275 2055 1334 2085 ts
1397 2063 1431 2071 -
1470 2062 1504 2071 -
1541 2062 1572 2069 -
1613 2047 1737 2082 τηαν
1733 2035 1852 2084 ’.σω

145 2109 439 2160 Nervosum
462 2136 495 2146 -
533 2136 566 2144 -
605 2128 804 2160 enerve.
1063 2111 1242 2159 Laxus
1263 2101 1853 2174 (flacciduS)-strictus.

147 2182 491 2233 Tomentosum
530 2210 564 2218 -
598 2183 860 2250 glabrum.
1062 2183 1259 2231 Remoti
1328 2208 1360 2216 -
1398 2207 1431 2217 -
1470 2206 1503 2217 -
1542 2207 1570 2216 -
1613 2177 1851 2240 conferti.

81 2283 83 2285 ·
145 2255 352 2306 Tectum
389 2282 425 2291 -
461 2282 496 2292 -
532 2283 566 2291 -
605 2255 817 2306 nudum.
1063 2255 1364 2304 Divaricati
1401 2278 1434 2288 -
1472 2279 1505 2287 -
1542 2278 1577 2286 -
1616 2251 1878 2300 coarctati.

150 2328 401 2377 Venosum
462 2354 498 2363 -
533 2354 568 2363 -
606 2333 863 2378 avenium.
1062 2326 1363 2374 Gaude-scens
1402 2351 1433 2360 -
1472 2351 1506 2360 -
1544 2351 1574 2360 -
1616 2324 1830 2374 acaulis.

148 2401 355 2449 Teres-
392 2427 425 2435 -
462 2426 496 2435 -·
533 2427 567 2436 -
605 2400 922 2467 angulosum.
1063 2395 1962 2463 Herbaceu5-lignosus.s.fruticosus

150 2472 503 2522 Tubulosum-
536 2500 569 2508 -
596 2473 860 2535 farctum.
1065 2472 1352 2520 Attenuatoe
1390 2496 1422 2504 -
1461 2471 1779 2519 incrassatae.

106 2596 109 2597 γ
152 2540 279 2596 Fiat
305 2542 605 2610 descriptio
633 2542 835 2610 plantae
862 2540 1167 2595 vastissima
1196 2540 1435 2592 terminis
1461 2538 1778 2608 negativis
1801 2553 1961 2591 nemo

226 2614 466 2668 indesibi
490 2612 686 2670 formet
708 2615 889 2668 ideam
911 2613 1240 2668 ievissimam
1263 2613 1488 2682 plantae.
1501 2613 1630 2667 vide
1652 2609 1718 2665 D.
1725 2612 1962 2680 Ερίμορ.

225 2690 502 2740 Browallii
528 2690 757 2741 Examen
783 2692 1068 2756 epicriseos.

160 2757 418 2820 Erronea
441 2761 626 2828 ltaque
639 2773 766 2813 sunt
793 2760 975 2813 omnia
998 2759 1215 2813 nomina
1236 2756 1511 2827 specifica,
1527 2773 1650 2825 quae
1665 2756 1963 2831 admittunt

233 2832 508 2887 vocabula
536 2832 671 2903 vel
709 2832 1009 2902 particulas
1039 2832 1341 2902 negativas·

241 2873 598 2973 LySImachia
628 2927 721 2958 non
752 2922 980 2980 papposa
1011 2903 1162 2959 Mor.
1192 2902 1494 2958 Seminibus
1534 2901 1716 2958 nudis.

237 2976 506 3045 Hippuris
536 2998 631 3031 non
656 2995 837 3048 aspera
861 2977 907 3032 Ι.
936 2977 1001 3031 Β.
1034 2976 1246 3047 glabra.

238 3049 441 3103 Bidens
449 3052 577 3115 folto
596 3072 692 3104 non
718 3054 934 3104 dissecto
960 3050 1031 3104 T.
1059 3053 1295 3120 integro.

235 3120 604 3192 Phalangium
631 3144 726 3178 non
753 3144 1005 3177 ramosum
1031 3121 1256 3178 Wehm.
1290 3120 1450 3178 caule
1490 3120 1742 3193 slmplici.

241 3193 491 3264 Lychnis
501 3201 694 3271 petalis
720 3218 816 3254 non
832 3199 1002 3267 bifidis
1023 3195 1175 3255 Mor.
1202 3198 1449 3268 integris.
1875 3264 1927 3320 S,

211 3311 215 3314 .
1912 3284 1964 3319 ¹-
