2439 3723
528 78 650 143 m4
1035 60 1790 126 CHARACTERE&

758 213 1080 280 Tetrogoniae
1123 225 1176 278 ς,
1214 236 1364 249 -—--
1402 230 1459 282 4,

755 288 1007 353 Evonymi
1125 299 1179 353 ς,
1216 313 1364 322 ——-
1404 305 1460 355 4,
1755 286 2056 339 americana.

755 357 1082 426 Philadelphi
1120 374 1172 428 57
1211 385 1360 395 ——
1398 379 1454 427 4,

757 434 951 484 Adoxae
1121 451 1179 500 4,
1217 460 1365 469 ——
1407 446 1461 500 ς,

826 520 962 573 ergo
996 503 1290 571 primarius
1326 504 1657 562 determinat
1683 519 1970 561 numerum
2009 505 2340 563 naturalem.

538 574 862 636 Affinitates
907 577 1115 630 numeri
1157 573 1602 633 fructificationis
1642 581 1898 649 propriae.

607 649 653 704 F
658 652 788 706 loris
822 648 890 705 X.
922 662 978 705 et
1002 646 1167 704 VIII.
1206 651 1438 702 Stamina
1458 651 1512 704 in
1537 655 1732 708 eadem
1756 672 1771 706 :
1801 657 1948 704 Rutae
1969 693 1986 721 ,
2012 654 2346 722 Monotropae.

1237 722 1291 774 in
1318 723 1586 779 diversis:
1613 730 1665 779 V
1663 731 1842 779 'accinit‘
1863 765 1880 793 ,
1907 741 1954 778 et
1981 727 2221 794 Oxycocci
2246 727 2309 778 T.

1049 822 1200 835 ·---
1605 801 1644 850 S
1648 803 1859 866 tellene,
1880 815 1927 851 et
1946 801 2235 852 Passerinae
2255 799 2346 852 Tr.

1051 895 1201 909 ·---
1237 898 1385 908 —--
1421 896 1573 909 -—
1613 873 1774 941 sedi„
1818 887 1866 924 et
1909 872 2170 924 Rhodiolae
2205 873 2271 924 L.

832 988 837 991 -
1050 968 1198 982 ·--
1606 948 1908 1012 Are-marite,
1933 959 1981 996 et
2008 945 2348 1013 Maerhingiae.

758 1011 838 1072 V.
887 1027 941 1072 et
996 1013 1106 1072 IV.
1170 1017 1368 1070 Corolla
1421 1016 1477 1068 in
1521 1018 1715 1071 eadem
1749 1036 1765 1070 :
1808 1020 2100 1085 Evonymus
2119 1057 2137 1082 ,
2189 1018 2350 1083 Ruta,

1608 1091 2002 1160 Philadelphus,
2030 1090 2350 1158 Monotropa·

1248 1163 1303 1216 in
1331 1160 1553 1218 divers&
1575 1183 1590 1217 :
1612 1168 1799 1215 Linum
1820 1205 1838 1232 .‚
1880 1178 1929 1214 et
1962 1163 2179 1214 Radiola
2216 1160 2292 1215 D.

1609 1239 1909 1306 Anagallis,
1924 1250 1970 1287 et
1981 1236 2347 1289 centunculus.

1052 1309 1217 1380 Calyx
1245 1309 1297 1362 in
1320 1309 1575 1365 diverse:
1604 1311 1883 1380 Nymphaea
1912 1311 2048 1359 lutea
2069 1348 2088 1376 ,
2123 1322 2173 1360 et
2209 1308 2348 1360 alba.

1053 1384 1293 1443 Stamina
1362 1384 1419 1436 in
1484 1385 1676 1438 eadem
1720 1401 1736 1435 ε
1811 1384 2124 1451 Evonymus.

1237 1456 1293 1509 in
1333 1454 1594 1511 diverse:
1628 1460 1851 1508 Mimosa
1879 1492 2239 1509 .......

757 1530 867 1587 IV.
889 1539 943 1585 et
962 1525 1071 1584 III.
1098 1529 1222 1582 Flos
1248 1529 1303 1582 in
1347 1531 1541 1583 eadem
1580 1548 1597 1584 :
1642 1532 1901 1599 Asperula
1925 1528 2151 1579 Rubeola
2176 1530 2238 1580 T.

1235 1601 1291 1656 in
1336 1600 1596 1658 diversa:
1643 1604 1798 1655 Paris
1824 1617 1993 1671 europ.
2020 1615 2069 1651 et
2093 1603 2299 1653 americ.

1571 1679 1722 1745 Ilex,
1764 1690 1812 1727 et
1852 1676 2105 1727 Dodonaea
2136 1674 2312 1727 Plum-

616 1748 857 1808 F-ructfis
883 1748 959 1807 V.
982 1760 1033 1806 et
1064 1747 1172 1804 ΙΙΙ.
1198 1746 1638 1818 frequentissime
1679 1745 2104 1819 proportionati.

1051 1827 1202 1875 Rutce
1351 1840 1476 1877 cum
1529 1826 1755 1893 Pegam.

1053 1899 1305 1965 Evonymi
1527 1898 1775 1950 Celastm.

1053 1971 1277 2038 Nigellae
1519 1969 1812 2023 Garidelld.

1054 2043 1189 2093 Cisti
1233 2041 1304 2095 T.
1528 2044 1882 2094 Helianthemo
1923 2039 1995 2094 T.

1054 2118 1262 2166 Aconiti
1524 2116 1779 2168 Anthord.

1053 2189 1302 2239 Viscariae
1533 2189 1720 2241 Silene.

828 2258 909 2318 V.
938 2270 994 2315 et
1018 2256 1126 2313 IV.
1154 2262 1301 2312 Rutae
1320 2302 1338 2329 .,
1365 2264 1616 2331 Evonymi
1642 2301 1661 2329 ,
1688 2260 2051 2332 Philadelphi,
2086 2260 2209 2312 Lim·
2234 2299 2254 2328 ,
2297 2268 2351 2313 er

1055 2335 1333 2388 Rhodiolae.

467 2500 614 2564 179.
659 2480 843 2541 Situs
888 2477 1030 2646 (973
1067 2481 1342 2556 partium
1394 2456 1930 2539 constantissimus
1969 2489 2083 2539 est.
2143 2476 2349 2538 Rece-

626 2567 868 2644 ptaculi
892 2563 1001 2648 (86
1060 2567 1244 2622 situm
1278 2563 1342 2623 in
1360 2559 1708 2625 Ordinibus
1739 2560 1921 2645 (161)
1951 2561 2166 2642 magni
2191 2561 2343 2623 fecit

636 2651 692 2712 T
690 2648 1096 2725 ournefortius
1127 2645 1287 2732 (64).

530 2770 1139 2825 TOURNEFORTIUS
1177 2767 1427 2839 calycem
1455 2766 1606 2823 abire
1644 2768 1701 2822 in
1732 2763 2006 2838 fructum,
2032 2764 2236 2823 rectifis
2261 2767 2346 2822 in-

610 2842 858 2912 tellexit,
910 2841 1077 2910 quem
1130 2841 1262 2896 vere
1299 2843 1478 2911 dixitt,
1517 2844 1661 2898 idem
1707 2841 1848 2895 enim
1871 2854 2076 2910 est,ac
2119 2856 2341 2912 germen

610 2917 705 2970 vel
735 2933 901 2984 supra
924 2915 1224 2983 elevatum,
1252 2916 1343 2970 vel
1377 2912 1521 2970 infra
1548 2912 1917 2986 perianthium
1944 2917 2253 2985 detrusum,
2278 2923 2343 2969 ut

620 2987 676 3040 in
715 2990 1045 3058 Saxifragd,
1083 3003 1131 3040 et
1177 2990 1277 3041 Geo
1319 2988 1391 3043 T.

492 3103 495 3106 ⁴
547 3057 692 3116 Situs
730 3060 974 3130 partium
1011 3058 1283 3116 rarissime
1322 3061 1378 3119 in
1418 3059 1814 3134 congeneribus
1856 3073 2124 3120 mutatur.

2200 3278 2345 3339 Am-
