2439 3723
509 101 594 163 44
1179 79 1624 144 PLANTAE.

673 230 1020 300 Bspartt'tum,
1047 226 1419 297 Tripartitwn.,
1445 230 1928 298 Quadripartitum,
1967 229 2331 298 Quinquepaer-

747 307 936 368 titum,
982 302 1429 370 Multipartirum‚
1475 320 1508 355 a
1549 319 1777 357 numero
1823 299 2005 367 hujus.

528 394 621 450 31.
651 379 917 446 Integrum
955 386 1034 427 est
1073 373 1370 426 indivisum
1393 415 1409 442 7
1462 375 1584 428 sinu
1630 376 1776 429 omni
1805 374 2165 446 destitutum;
2194 390 2330 446 ergo

605 449 712 504 hoc
759 446 1033 519 prioribus
1084 442 1342 515 (17-30.)
1384 447 1705 516 opponitur.

452 527 504 578 d.
536 523 696 595 Apex
745 535 823 577 est
868 520 1183 574 extremitas
1225 516 1377 583 folii..
1412 521 1464 573 in
1509 538 1671 589 quem
1721 521 1936 576 desinit.

526 616 618 670 32.
648 601 988 662 Truncatum‚
1039 594 1192 661 quod
1237 591 1381 647 linea
1433 594 1788 648 transversali
1838 594 2059 649 desinit.

524 689 617 744 33.
646 675 986 726 Praemorsum
1009 661 1051 719 f.
1089 665 1177 719 18.
1220 668 1373 734 quod
1406 666 1807 723 obtusissimum
1842 669 2168 723 terminatur
2195 667 2331 724 inci-

598 745 739 800 suris
785 737 1171 808 inaequalibus.

522 835 614 889 34.
644 821 892 869 Retusum
940 809 981 867 f.
1022 807 1119 882 46.
1165 812 1318 881 quod
1362 813 1683 869 terminatur
1725 815 1845 869 sinu
1886 812 2109 869 obtuso,

520 906 613 961 35.
643 892 1039 959 Emzrginatum
1080 881 1119 940 s.
1167 899 1263 956 45.
1314 888 1463 953 quod
1512 888 1838 942 terminatur
1878 885 2066 942 crena.

519 960 611 1035 36.
629 965 886 1090 ‘Obtszum
910 956 948 1015 f.
977 975 1069 1032 40.
1099 959 1252 1028 quod
1288 959 1611 1015 terminatur
1638 961 1795 1030 quasi
1819 961 1963 1016 intra
1983 973 2325 1032 segmentum

592 1055 746 1093 eircu
775 1054 812 1090 1.

462 1144 465 1146 -
519 1128 611 1183 37.
641 1115 863 1164 Acutum
903 1104 941 1161 f.
985 1124 1078 1178 41.
1113 1106 1266 1175 quod
1295 1106 1621 1161 terminatur
1662 1105 1872 1178 angulo
1913 1119 2100 1162 acuto·

519 1184 612 1256 38.
642 1189 1000 1238 Acuminatum
1027 1177 1066 1234 f.
1096 1196 1191 1250 42.
1220 1181 1373 1248 quod
1411 1181 1739 1235 terminatur
1785 1181 1941 1248 apice
1971 1178 2250 1237 subulato.

585 1262 833 1312 Obtusum
865 1259 1089 1308 acumine
1117 1250 1156 1307 f.
1186 1271 1279 1324 43.
1317 1268 1465 1322 patet
1512 1272 1581 1308 ex
1632 1254 1793 1308 dictis
1827 1249 1947 1324 (36.
1977 1252 2093 1323 38).

516 1346 607 1403 39.
639 1328 1121 1396 Cirrhosum,quod
1144 1326 1466 1380 terminatur
1486 1324 1673 1382 cirrho
1694 1326 1837 1382 Tab.
1859 1325 1935 1381 Π.
1958 1324 2002 1382 fi
2024 1342 2118 1396 72.
2142 1323 2322 1400 (§.84)

585 1409 860 1471 Gloriosa,
902 1403 1261 1471 Flagellarta,
1307 1401 1540 1453 Nissolia
1580 1404 1640 1456 T.

436 1499 479 1535 e.
507 1478 715 1550 Margo
746 1492 825 1533 est
854 1490 1098 1532 extrema
1128 1491 1227 1528 ora
1258 1471 1378 1529 folii
1409 1477 1481 1527 ad
1509 1473 1706 1542 latera,
1737 1473 1947 1528 intacto
1978 1473 2133 1528 disco
2174 1469 2319 1529 folii.

509 1571 603 1625 40.
631 1557 928 1624 Spinosum,
988 1549 1140 1617 quod
1187 1547 1432 1616 margine
1487 1548 1599 1602 exit
1652 1550 1708 1602 in
1763 1547 2018 1602 acumina
2062 1547 2317 1618 duriora,

585 1629 771 1699 rigida
793 1668 811 1694 ,
859 1623 1182 1694 pungentia.

657 1707 853 1754 Ine-rme
891 1697 1110 1765 spinoso
1152 1691 1290 1748 folio
1334 1693 1655 1764 opponitur.

502 1793 599 1846 41.
628 1779 908 1828 Dentatum
936 1768 1078 1822 Tab.
1119 1766 1161 1821 Ι.
1216 1765 1256 1822 f.
1294 1785 1382 1837 3ο.
1430 1770 1586 1837 quod
1626 1768 1878 1823 acumina
1917 1764 2316 1836 horizontalia‚

578 1846 701 1903 folii
746 1839 1132 1910 consistentia,
1173 1844 1352 1908 spatio
1395 1855 1611 1897 remota
1654 1840 1841 1896 habet.

503 1939 598 1994 42.
628 1925 893 1975 Ser-ratum
931 1913 971 1970 f.
1007 1933 1097 1987 31.
1134 1917 1284 1982 quod
1332 1916 1550 1985 angulis
1589 1916 1767 1970 acutis
1801 1914 2096 1970 imbricatis
2133 1924 2316 1968 extre·

576 1997 820 2049 mitatem
854 1988 1268 2054 respicientibus
1309 2001 1552 2043 notatur.

503 2086 597 2139 43.
626 2071 897 2122 Crenatum
938 2059 977 2116 f.
1020 2061 1111 2132 38.
1146 2061 1301 2126 cujus
1334 2078 1526 2132 margo
1563 2060 1782 2132 angulis
1824 2073 2078 2115 neutram
2117 2071 2312 2116 extre-

578 2143 819 2197 mitatem
853 2135 1265 2206 respicientibus
1298 2149 1537 2190 secatur.

648 2217 836 2268 Obtuse¹
883 2208 922 2265 f·
978 2207 1069 2279 36.
1135 2211 1278 2261 acute*
1317 2205 1355 2261 f.
1405 2223 1495 2278 35.
1556 2210 1811 2279 duplicate*
1858 2205 1897 2260 f.
1946 2224 2038 2278 33.

501 2310 598 2361 44.
629 2289 926 2359 Repandmn
961 2280 1000 2337 f.
1032 2296 1124 2351 29.
1147 2281 1302 2346 cujus
1339 2299 1530 2352 margo
1572 2282 1822 2352 angulis,
1864 2282 2052 2348 eisque
2081 2279 2311 2347 interje-

573 2365 673 2418 ctis
711 2359 964 2426 sinubus.,
1003 2354 1201 2410 circuli
1226 2367 1505 2425 segmento
1528 2355 2200 2424 inscriptisfierminatur.

499 2451 595 2506 45.
624 2436 1027 2501 Cartilagineum
1064 2426 1105 2481 f.
1148 2445 1238 2497 34.
1285 2429 1440 2492 cujus
1481 2445 1674 2497 margo
1715 2428 2077 2498 cartilagine,
2110 2446 2144 2482 a
2171 2425 2308 2482 sub·

571 2509 771 2562 stantia
815 2503 938 2558 folii
978 2500 1383 2568 diversissima,
1425 2498 1696 2553 firmatur.

498 2579 593 2654 46.
621 2583 860 2634 Ciliatum
888 2573 928 2630 f.
966 2591 1053 2642 50.
1119 2571 1276 2639 cujus
1322 2589 1515 2643 margo
1555 2573 1680 2627 setis
1727 2569 2009 2642 parallelis
2051 2569 2309 2642 longitu-

578 2653 841 2710 dinaliter
867 2647 1207 2706 obvallatur.

505 2748 600 2801 47.
629 2732 909 2794 Lucerum,
954 2724 1107 2792 quod
1159 2719 1404 2792 margine
1448 2717 1603 2775 varie
1647 2731 1854 2774 sectum
1898 2729 1978 2773 est
2023 2718 2314 2790 segmentis

579 2799 948 2857 difformibuS.

499 2874 595 2946 48.
626 2878 841 2928 Eros-um
880 2869 921 2927 f.
963 2886 1056 2925 21.
1114 2866 1239 2924 cum
1284 2864 1478 2923 folium
1526 2867 1803 2922 sinuatum
1870 2862 1995 2936 (29)
2053 2865 2302 2936 margine

572 2949 719 3002 sinus
765 2948 904 3001 alios
968 2942 1215 2998 minimos
1237 2941 1464 2996 obtusos
1497 2941 1751 3009 acquirit.
2172 2958 2176 2973 ³

498 3027 1016 3093 49.Integerrimum
1079 3013 1119 3070 f.
1167 3032 1261 3086 42.
1321 3014 1479 3082 cujus
1546 3030 1740 3084 margo
1800 3013 2033 3067 extimus
2093 3012 2306 3083 integer

577 3095 785 3164 absque
830 3091 978 3148 omni
1023 3087 1190 3145 crena
1232 3101 1336 3143 est.

411 3168 472 3234 fi
504 3166 832 3239 superficies
855 3167 1063 3220 discum
1104 3161 1227 3217 folii
1268 3161 1534 3232 Supinum
1572 3157 2002 3231 (superiorem),
2026 3158 2116 3217 vel
2156 3155 2302 3212 Pro-

576 3260 707 3300 num
751 3235 1119 3312 (inferiorem)
1171 3235 1327 3307 tegit.
2172 3307 2227 3358 V

2224 3324 2304 3358 ts·-

2432 3498 2439 3547 „ffl-
