2439 3723
647 75 1405 138 CHARACTEREs.
1797 93 1913 156 133

75 273 82 283 ‚
122 222 442 280 'Terminos
475 219 608 277 artis
641 234 795 272 nosse
832 216 1020 284 itaque
1060 209 1296 282 primum
1329 210 1574 278 Tyronis
1607 216 1729 271 erit.

76 294 77 297 ’
147 301 277 352 Gen.
309 300 474 366 plant.
490 295 650 363 praef.
679 307 771 356 25.
799 287 1155 359 Explodendi
1175 299 1299 351 sunt
1322 287 1589 354 pomposi,
1612 302 1663 341 et
1686 291 1949 359 eloquen-

398 368 412 418 i
578 364 733 418 sculi.

144 365 599 507 Oratoribaestssib
639 439 692 490 in
731 433 1074 490 Charactere
1114 430 1189 486 nil
1230 431 1401 502 magis
1446 429 1834 488 abominabile.

146 513 392 566 Termini
414 513 546 565 artis
569 507 777 564 faciunt
798 552 816 578 ‚
850 521 913 563 ut
936 506 1124 577 paucis
1154 507 1305 560 ideas
1341 518 1551 560 nostras
1589 523 1945 575 exponamus·

67 563 241 640 LINI
280 588 545 638 character
595 589 846 635 oratorius·
893 582 960 635 sit
1005 580 1240 647 exempli
1284 579 1427 632 loco:

142 657 424 714 Extimum
464 657 616 712 floris
654 667 1032 726 tegumentum
1054 654 1234 708 viride
1255 695 1273 721 .‚
1305 653 1456 720 quod
1480 664 1605 707 ante
1632 653 1948 723 explicatio-

216 749 335 786 nem
376 731 607 785 includit
637 729 828 783 florem
851 770 868 797 .,
899 742 988 781 *est
1024 729 1095 780 ad
1134 725 1298 779 basim
1340 727 1395 778 in
1431 743 1454 788 ς
1490 740 1666 794 partes
1706 729 1945 795 aequales

214 803 394 858 veluti
421 817 658 871 sectum„
689 804 762 855 ita
786 816 967 855 tamen
995 814 1053 853 ut
1087 816 1433 867 unaquaeque
1463 817 1586 867 pars
1612 801 1677 853 sit
1707 800 1943 873 longior,

210 876 378 945 quam
410 877 523 931 lata
543 918 561 945 .‚
602 890 655 931 et
681 874 870 930 versus
894 888 1186 941 utramque
1207 873 1606 926 extremitatem
1631 888 1942 945 angustata,

207 949 575 1005 desinentibus
599 950 816 1003 summis
840 946 1083 1016 apicibus
1115 947 1165 998 in
1193 962 1460 1013 acumen.)
1506 959 1749 999 ceterum
1794 945 1876 1000 hae
1903 966 1933 1015 5

207 1036 389 1092 partes
425 1022 936 1092 perpendicularem
966 1021 1128 1073 situm
1163 1030 1416 1084 servant,
1443 1031 1496 1069 et
1525 1019 1736 1073 ratione
1765 1017 1938 1074 folio-²·

205 1112 327 1149 rum
351 1095 506 1150 floris
533 1098 832 1150 admodum
855 1094 1046 1147 breves
1075 1104 1199 1145 sunt
1225 1110 1240 1143 ε
1269 1108 1364 1144 nec
1388 1087 1656 1144 diffluunt
1681 1110 1806 1146 cum
1835 1092 1940 1147 flo-

202 1183 326 1221 rum
364 1167 511 1222 foliis
537 1169 799 1222 coloratis
822 1209 839 1238 ‚
860 1170 953 1221 sed
979 1177 1296 1237 permanent
1317 1167 1386 1217 ad
1412 1161 1624 1217 fructus
1650 1168 1937 1222 maturita-

201 1252 330 1294 tem.
355 1239 510 1294 Intra
557 1239 672 1295 haec
699 1240 833 1295 folia
857 1254 980 1294 sunt
1008 1239 1120 1292 alia
1147 1237 1308 1291 Folia
1335 1238 1496 1290 etiam
1521 1254 1746 1292 numero
1775 1241 1934 1307 quin·

202 1331 311 1381 que
332 1356 350 1383 .,
389 1317 484 1368 sed
516 1324 706 1369 tenera
726 1357 741 1382 .,
769 1313 1050 1380 colorata,
1085 1312 1251 1364 etiam
1281 1310 1519 1379 oblonga
1542 1352 1559 1378 ,
1591 1313 1684 1366 sed
1717 1331 1930 1367 sursum

200 1387 377 1457 magis
397 1387 678 1458 magisque
699 1386 963 1454 dilatata,
989 1382 1104 1437 fere
1129 1385 1205 1437 uti
1230 1381 1637 1437 infundibulum
1662 1381 1930 1441 mechani-

195 1466 430 1531 corum-..3
471 1476 596 1515 sunt
637 1463 802 1514 etiam
844 1457 960 1513 haec
990 1455 1152 1527 longe
1191 1456 1431 1525 majora,
1457 1455 1623 1524 quam
1653 1462 1928 1516 exteriora

196 1530 401 1587 viridia
447 1530 602 1589 folia.
636 1535 784 1588 Tum
814 1533 957 1595 intra
995 1530 1112 1585 haec
1150 1530 1392 1598 quinque
1437 1531 1688 1586 colorata
1726 1549 1926 1603 magna

190 1602 330 1660 folia
351 1605 505 1661 floris
530 1619 834 1676 sequuntur
861 1621 1086 1661 numero
1103 1619 1132 1672 5
1157 1617 1337 1673 partes
1362 1600 1664 1673 filiformes,
1693 1606 1927 1675 superne

191 1681 383 1734 sensim
428 1693 726 1736 attenuatae
767 1682 820 1734 in
865 1694 1178 1733 mucronem
1201 1719 1218 1747 ⁷
1263 1695 1386 1745 quae
1437 1679 1922 1746 perpendiculares

189 1750 308 1807 fere
350 1767 476 1808 sunt
497 1795 515 1824 ‚
555 1772 652 1809 nec
678 1753 1025 1825 longitudine
1053 1754 1327 1806 excedunt
1355 1751 1555 1805 extima
1585 1749 1781 1806 foliola
1809 1752 1921 1807 fio-

188 1826 301 1894 ri53
338 1824 533 1881 harum
578 1827 976 1882 summitatibus
1028 1825 1259 1879 insident
1305 1825 1531 1877 totidem
1570 1828 1920 1898 corpuscula,

184 1900 485 1968 simplicia,
510 1902 811 1970 crassiora,
832 1917 957 1968 quae
980 1910 1248 1969 spargunt
1276 1894 1509 1951 farinam
1526 1939 1542 1965 ‚
1571 1911 1625 1952 et
1655 1897 1770 1952 basi
1795 1898 1919 1956 fissa

190 1971 244 2024 in
284 1989 312 2024 2
363 1987 546 2041 partes
582 1989 795 2028 acutas,
831 1973 994 2027 Hisce
1036 1971 1281 2042 parti-bus
1323 1968 1494 2038 probe
1524 1972 1819 2038 perspectis
1864 1974 1920 2028 in

184 2057 375 2099 centro
395 2045 547 2100 floris
567 2048 810 2101 occurrit
835 2063 1035 2117 corpus
1058 2087 1093 2113 ,ἡ
1115 2047 1264 2113 quod
1288 2044 1552 2097 excrescit
1577 2045 1629 2097 in
1651 2042 1913 2117 fructum,

182 2130 236 2172 et
261 2118 362 2172 sub
383 2118 731 2174 florescentia
757 2118 875 2174 fere
895 2119 1046 2190 globi
1068 2116 1301 2171 formam
1324 2117 1590 2184 imitatur.¹
1612 2119 1699 2171 cui
1725 2137 1918 2188 super-

181 2191 436 2260 imposita
456 2206 580 2247 sunt
610 2210 639 2261 5
667 2192 763 2247 fila
788 2192 1143 2264 vegetabili&
1166 2208 1290 2258 quae
1312 2189 1515 2257 ubique
1536 2194 1781 2244 eamdem
1802 2210 1918 2247 ser-

183 2279 318 2318 vant
338 2267 635 2321 crassitiem
653 2308 670 2335 .,
697 2281 750 2321 et
778 2265 1169 2336 perpendicula
1182 2280 1291 2316 rem
1314 2259 1480 2316 ferme
1507 2263 1665 2316 situm
1690 2261 1914 2338 habent,

183 2339 541 2406 eamdemque
561 2340 803 2393 obtinent
828 2338 1226 2407 longitudinem
1247 2352 1370 2388 cum
1390 2351 1419 2401 5
1438 2335 1681 2402 partibus
1705 2335 1915 2394 filifor-

113 2459 134 2465 ..
157 2427 162 2435 ⁸
184 2408 362 2464 mibus
389 2426 514 2464 mox
535 2411 860 2480 descripti33
898 2422 1024 2464 sunt
1053 2421 1235 2462 autem
1270 2405 1385 2460 haec
1407 2408 1652 2476 apicibus
1675 2427 1780 2463 non
1808 2431 1911 2467 ca—

180 2478 374 2550 pitata,
397 2497 496 2536 aut
516 2484 832 2553 incrassata,
852 2486 945 2536 sed
971 2477 1164 2549 parum
1186 2492 1464 2534 extorsum
1490 2479 1661 2551 flexa3
1688 2484 1909 2550 peracta

179 2552 528 2610 florescentia
556 2555 617 2610 fit
638 2555 873 2610 Fructus
899 2556 1088 2608 aridus
1109 2597 1126 2623 .,
1173 2551 1352 2607 forma
1381 2550 1550 2608 ferme
1582 2554 1732 2624 globi
1755 2600 1770 2627 ‚
1811 2561 1908 2614 sed

121 2660 134 2671 ·
176 2625 422 2681 obsolete
453 2643 484 2696 5
528 2628 744 2700 angulis
785 2640 1044 2696 notatuS‚
1084 2642 1137 2680 et
1174 2628 1226 2680 in
1267 2628 1581 2680 summitate
1608 2630 1750 2699 gerit
1779 2644 1907 2686 mu-

174 2715 429 2771 cronem3
477 2699 621 2757 hunc
651 2700 894 2756 fructum
923 2701 966 2755 si
992 2706 1342 2755 transversim
1371 2702 1602 2754 disseces
1625 2743 1642 2771 ‚
1693 2703 1906 2760 videbis

172 2773 426 2826 eumdem
447 2773 658 2830 interne
681 2776 733 2828 in
761 2791 827 2829 10
847 2775 1351 2828 concamerationes
1380 2774 1615 2826 divisum
1639 2813 1656 2840 ‚
1695 2788 1747 2828 et
1778 2775 1904 2832 cum

175 2857 368 2912 sponte
389 2845 666 2918 dehiscat,
716 2866 772 2902 se
806 2848 1022 2917 aperire
1054 2848 1106 2900 in
1151 2861 1179 2912 5
1223 2858 1406 2915 partes
1442 2846 1717 2914 aequales:
1759 2849 1904 2906 intra

172 2934 310 2985 quas
342 2934 407 2972 10
434 2918 644 2976 latuere
666 2921 870 2975 semina
893 2918 1076 2991 figura
1103 2916 1273 2972 ferme
1295 2919 1386 2972 ovi
1409 2960 1426 2985 7
1457 2922 1550 2972 sed
1573 2921 1745 2990 magis
1774 2922 1903 2986 lon-

173 3005 246 3058 ga
266 3029 283 3054 .,
327 3003 383 3043 et
425 2989 598 3048 altera
634 2995 978 3048 extremitate
1022 2994 1363 3060 acuminata,
1415 3009 1511 3044 nec
1553 3009 1658 3046 non
1706 2994 1903 3063 parum

173 3076 480 3129 compressa
501 3107 519 3134 .‚
559 3066 851 3136 superficie
904 3067 1059 3135 quasi
1110 3063 1282 3134 polita
1303 3107 1320 3130 ,
1365 3078 1418 3118 et
1461 3063 1675 3135 glabra.

97 3135 373 3187 character
395 3135 536 3189 idem
556 3143 677 3210 Lini
690 3183 707 3211 ‚
734 3137 928 3212 lingua
953 3139 1232 3195 Botanicis
1255 3135 1483 3206 usitata,
1504 3142 1697 3195 eadem
1720 3143 1903 3197 omnia

176 3206 561 3276 complectens.
1093 3275 1100 3280 ,
1740 3276 1749 3281 -

1081 3281 1112 3337 Ι
1139 3302 1169 3354 3
1727 3283 1905 3345 CAL,
