2439 3723
523 94 601 177 38
1194 92 1630 154 PLANTAE.

548 235 751 294 Herbae
795 238 1179 309 compendium
1218 236 1451 294 Gemma
1498 249 1616 306 est,
1644 249 1700 291 et
1735 238 2051 293 extenditur
2086 238 2137 292 in
2163 238 2352 296 infini-

627 325 743 368 tum
772 356 789 387 .,
840 316 1010 368 donec
1060 310 1435 368 Fructificatio
1471 311 1715 381 imponat
1756 311 2011 366 ultimum
2061 315 2353 371 terminum

519 453 524 457 ,
596 388 866 450 antiquae
905 387 1263 457 vegetationi.

548 458 930 517 Fructificatio
958 459 1168 530 lineum
1186 456 1320 513 folia
1335 457 1724 527 distinguenda
1740 455 2017 512 cohaerent
2040 459 2091 513 in
2107 461 2364 533 Calycem5

628 553 742 605 quo
772 535 1046 603 rumpitur
1071 534 1269 588 ramuli
1296 549 1435 598 apex
1460 532 1704 597 inflorem
1731 549 1913 585 annuo
1941 532 2119 600 spatio
2145 550 2359 601 praeco-

628 607 765 674 cius.
787 623 899 661 tum
914 610 1138 660 Fructus
1159 625 1223 660 ex
1240 607 1507 658 medullari
1527 603 2029 671 substantia-nequit
2053 621 2252 660 novam
2277 609 2362 663 vi-

628 695 736 736 tam
756 679 1036 749 inthoare„
1052 681 1145 735 nisi
1164 678 1312 748 prius
1323 675 1620 731 Staminum
1642 678 1869 731 essentia
1881 681 2078 746 Lignea
2092 677 2355 751 absorpta

626 753 795 810 fuerit
824 754 893 809 ab
922 751 1152 809 humore
1181 750 1394 805 Pistilli.
1424 748 1574 804 Vide
1616 752 1758 815 Laefl.
1787 754 1846 803 de
1872 753 2115 805 Gemmis.
2201 797 2204 801 ,

554 831 850 899 Vegetabile
891 844 1051 881 omne
1097 844 1130 880 a
1172 824 1391 878 Radice
1439 840 1782 893 propagatur
1809 824 2203 881 continuando·

555 905 905 968 Fructificatio
943 900 1114 954 omnis
1155 919 1183 953 e
1231 896 1449 950 Radice
1488 915 1587 964 per
1614 895 1876 960 {Herbam
1922 898 2216 966 producta.

555 979 881 1030 Termimtur
907 991 1065 1028 omne
1105 968 1418 1043 vegetabile
1442 967 1937 1045 Fructificatione3
1976 970 2222 1039 alioquin
2265 973 2361 1029 vix

637 1061 870 1102 cessaret
892 1064 1152 1104 crescere.

560 1119 732 1178 Nova
756 1127 939 1177 creatio
961 1120 1113 1177 nulla
1137 1137 1156 1189 z,
1181 1119 1274 1174 sed
1297 1123 1584 1172 continuata
1611 1115 1913 1187 generatio,
1941 1111 2067 1172 cum
2093 1119 2359 1174 Corculum

636 1195 849 1251 seminis
890 1207 1103 1251 constat
1149 1206 1307 1265 parte
1351 1192 1551 1247 radicis
1585 1188 1901 1244 medullari.

486 1290 587 1355 80.
628 1289 896 1351 RADIX
925 1284 1087 1373 (79.)
1135 1288 1507 1349 alimentum
1561 1283 1897 1358 hauriens,
1946 1283 2358 1368 Herbamque

660 1371 799 1459 (81)
833 1394 978 1439 cum
1017 1373 1522 1436 Fructificatione
1558 1367 1699 1453 (W)
1745 1371 2099 1448 producens
2130 1419 2147 1444 ,
2187 1393 2368 1433 com-

665 1462 922 1543 ponitur
945 1460 1252 1534 Medulla,
1282 1461 1481 1540 Ligno
1507 1505 1525 1531 ,
1554 1456 1767 1530 Libra,
1798 1454 2061 1535 Cortice3
2091 1469 2365 1521 constat·
2438 1507 2439 1522 i

673 1567 793 1628 que
821 1547 1088 1611 Caudice
1120 1593 1137 1617 ,
1174 1560 1236 1609 et
1267 1544 1600 1605 Radicula.
2227 1595 2230 1598 ⁴

495 1631 571 1691 A.
593 1636 846 1686 Radicula
865 1645 944 1687 est
972 1649 1096 1701 pars
1117 1629 1344 1684 Radicis
1366 1628 1587 1697 fibrosa,
1609 1627 1663 1679 in
1687 1642 1851 1694 quam
1873 1626 2197 1683 terminatur
2219 1627 2373 1686 Cau-

649 1709 757 1761 dex
788 1708 1118 1760 descendens
1141 1746 1159 1772 .,
1198 1717 1252 1758 et
1279 1721 1388 1772 qua
1421 1701 1610 1756 Radix
1636 1699 2024 1756 nutrimentum
2051 1699 2239 1758 haurit
2274 1720 2376 1774 pro

651 1773 976 1850 vegetabilis
1001 1778 1414 1833 sustentatione.

501 1849 569 1911 B.
597 1854 800 1906 Caudex
824 1855 1126 1907 descendens
1154 1849 1252 1904 sub
1280 1864 1430 1903 terra
1451 1866 1563 1902 sese
1583 1851 1774 1904 sensim
1799 1845 2055 1901 subducit
2076 1889 2094 1917 ‚
2118 1861 2174 1903 et
2202 1848 2384 1906 Radi-

652 1926 807 1981 cula's
839 1922 946 1997 (A)
971 1921 1188 1997 profert
1208 1967 1224 1993 .‚
1258 1943 1290 1978 a
1316 1922 1594 1982 Botanicis
1627 1933 1693 1976 ex
1727 1921 1885 1977 varia
1912 1934 2189 1979 structura
2212 1925 2381 1982 variis

654 1997 963 2055 nominibus
1006 1998 1314 2052 distinctus.

583 2092 634 2128 1.
662 2074 1127 2144 Perpendiculassig
1147 2088 1272 2139 quae
1293 2066 1444 2126 recta
1469 2067 1768 2121 descendit.
1793 2064 1934 2120 Tab.
1961 2064 2066 2122 VI.
2091 2067 2137 2122 F
2142 2069 2215 2139 ig.
2251 2086 2377 2142 129.

577 2164 635 2202 2.
663 2147 1037 2210 Horizontalis,
1065 2161 1187 2211 quae
1214 2142 1316 2196 sub
1341 2156 1492 2197 terra
1519 2139 1871 2196 transversim
1893 2142 2228 2213 extenditur3
2252 2147 2378 2202 Iris.

566 2236 635 2292 ··3.
663 2221 891 2288 Simplex
928 2216 1073 2272 Tab.
1103 2215 1217 2270 VI.
1251 2214 1344 2285 fig.
1394 2229 1520 2285 129.
1558 2232 1681 2282 quae
1729 2230 1837 2267 non
1875 2211 2268 2271 subdividitur.

579 2314 638 2365 4.
664 2295 885 2346 Ramosa
934 2288 985 2343 T
991 2288 1079 2347 ab.
1134 2287 1242 2345 VI.
1299 2286 1340 2345 f.
1406 2304 1530 2359 130.
1578 2305 1700 2358 quae
1759 2286 1815 2343 in
1874 2286 2132 2343 laterales
2196 2306 2394 2366 ramos.¹

649 2364 942 2420 dividitur.

579 2453 634 2506 5.
661 2438 707 2490 F
711 2437 976 2502 usiformis
1001 2434 1053 2488 T
1057 2433 1145 2489 ab.
1174 2432 1280 2489 VI.
1313 2431 1354 2490 f.
1397 2449 1522 2502 129.
1559 2450 1681 2500 quae
1708 2429 1950 2502 oblonga
1973 2475 1991 2506 .,
2030 2450 2212 2492 crassa
2233 2478 2252 2507 ‚
2291 2449 2379 2493 at..

651 2516 875 2563 tenuata
904 2525 924 2578 ς
972 2520 1032 2561 ut
1059 2510 1307 2573 Daucus,
1346 2508 1641 2556 Pastinaca.

514 2622 519 2625 -
581 2580 637 2639 6.
664 2584 916 2635 Tuberosa
941 2579 1085 2634 Tab.
1114 2576 1220 2632 VI.
1244 2574 1284 2632 f.
1320 2576 1446 2632 128.
1474 2595 1596 2645 quae
1624 2574 1980 2631 subrotundis
2007 2590 2219 2634 constat
2245 2599 2382 2639 cor-

650 2654 876 2725 poribus
920 2654 975 2707 in
1019 2649 1344 2707 fasciculum
1382 2649 1663 2705 collectis:
1711 2650 1959 2720 Paeonia,
1987 2653 2379 2730 Hemerocallis‚

647 2730 962 2783 Helianthus
983 2768 998 2794 ,
1026 2728 1265 2780 Solanum
1288 2768 1305 2793 ‚‚
1335 2725 1682 2796 Filipendala.

577 2798 633 2875 7.
661 2797 1037 2872 Repe'r'stab.
1090 2796 1202 2852 VI.
1244 2794 1285 2852 f.
1342 2814 1466 2867 13¹·
1499 2814 1622 2866 quae
1665 2791 1829 2865 longe
1879 2797 2167 2870 excurrit,
2194 2812 2249 2856 et
2275 2819 2375 2860 ra-

509 2884 540 2913 ?
596 2875 602 2883 '
648 2874 862 2928 diculas
908 2870 1034 2926 hine
1085 2873 1213 2925 inde
1240 2870 1519 2925 demittit.
1782 2912 1791 2919 .
2078 2888 2081 2894 ¹
2251 2895 2254 2903 ·

571 2947 630 3003 8.
658 2950 876 3001 Fibro-sa
912 2950 1128 3010 constat
1165 2942 1381 3000 tantum
1426 2940 1717 2998 Radiculis
1751 2940 1982 3003 fibrosis.

568 3036 626 3094 9.
657 3025 982 3087 Praemorsag
1021 3037 1149 3089 quae
1195 3021 1451 3073 deorsum
1496 3028 1748 3072 truncata
1798 3028 1912 3083 est„
1956 3035 2053 3073 nec
2079 3031 2367 3079 attenuato

648 3095 802 3162 apice
843 3094 1208 3160 terminatur}
1249 3106 1311 3146 ut
1346 3092 1583 3144 Scabiosa
1609 3130 1627 3159 ,
1666 3092 1917 3160 Plantago
1945 3133 1961 3159 .,
1999 3095 2292 3149 Valeriana,

494 3165 565 3227 C.
591 3170 795 3221 Caudex
829 3168 1099 3218 ascendens
1133 3166 1299 3233 s'upra
1344 3177 1546 3218 terram
1580 3162 1771 3216 sensim
1819 3182 1872 3216 se
1912 3164 2096 3218 elevat
2117 3194 2137 3234 ‚v
2166 3184 2360 3237 gerens

637 3242 834 3314 saepius
867 3240 1013 3297 vices
1051 3239 1258 3297 Trunci
1281 3280 1299 3316 7
1325 3236 1681 3307 Herbamque
1704 3233 1831 3307 (81)
1859 3235 2089 3307 profert.

2248 3316 2367 3368 Ar·-
