2439 3723
574 62 696 144 296
1088 60 1844 129 Durmnwrm..

556 221 656 274 .15.
684 202 1768 280 Trifoliastrumpratense'corymbiferum
1795 222 2012 260 erectum
2041 225 2299 278 annuum
2331 225 2396 264 et

733 284 1026 351 proealtum
1038 287 1180 335 caule
1200 290 1470 352 crassIore
1491 299 1539 336 et
1558 283 1952 350 fistulosoffolio
1976 284 2201 350 longiore
2223 286 2399 335 cordi-

730 355 916 423 formi,
944 357 1076 421 flore
1109 358 1220 408 albo
1223 360 1451 428 ,siliqud
1478 359 1716 421 incurvd
1744 357 1872 422 ἰατά,
1899 358 2204 425 compressd‚
2227 375 2284 410 ac
2310 358 2398 409 di-

745 432 965 496 spermd.
1005 426 1181 482 Mich.
1215 447 1347 499 gen.
1366 430 1465 489 28.
1484 442 1523 484 t.
1551 445 1642 494 25.
1671 424 1774 482 f.2

555 530 644 591 16.
674 529 1087 590 Trifoliastrum
1108 540 1342 606 supinum
1355 539 1741 606 corymbiferum
1762 555 1982 588 annuum
2004 537 2180 590 album
2200 542 2382 606 majus,

727 609 859 672 folio
882 609 1105 676 longiori
1131 612 1338 678 obtuso,
1378 613 1568 680 siliqud
1589 612 1828 677 ιηειινυᾶ,
1854 612 1982 678 ἰατά,
2008 614 2313 681 compressa⁶‚
2334 630 2391 663 ac

735 681 1017 748 dispermd.
1046 679 1225 735 Mich.
1247 700 1370 752 gen.
1401 682 1494 736 28.
1522 695 1562 736 t.
1595 697 1686 748 25.
1716 679 1755 735 f.
1783 696 1835 748 5.

581 784 857 855 Exemplo
879 783 1162 841 horrendo
1182 788 1394 857 sapiant
1410 787 1678 859 Botanici,
1693 807 1758 844 ne
1782 789 2002 843 minima
2023 789 2388 846 circumstan-

655 861 731 913 tia
754 859 954 914 variet
963 868 1076 922 rem
1102 870 1294 915 contra
1322 861 1500 931 legem
1529 861 1801 930 Naturae,
1838 864 1926 917 cui
1954 863 2257 930 specierum
2281 882 2385 933 ge-

655 945 809 986 nerat
815 933 990 986 ionem
1011 933 1279 987 commisit
1299 929 1573 1002 Creator,
1622 944 1730 989 non
1759 933 2109 1005 hominibus·
2158 937 2382 1006 impegit

651 1006 794 1059 enim
823 1002 1099 1058 Michelius
1126 1003 1528 1061 oculatissimus
1557 1021 1747 1060 contra
1771 1007 1815 1074 ξ.
1849 1006 1980 1059 262:
2013 977 2181 1060 Foliis
2203 1025 2385 1061 rotun-

651 1080 880 1132 dioribus
894 1064 1279 1149 longioribus,
1307 1081 1638 1146 acutioribus
1656 1081 2016 1132 obtusioribus:
2040 1075 2218 1133 Caule
2239 1100 2386 1132 cras·

655 1156 805 1204 siore:
837 1119 1165 1205 pedunculis
1187 1153 1574 1222 longissimis§.
1597 1149 1726 1205 2:60
1745 1148 1924 1205 Caule
1943 1154 2231 1222 praealto§.
2250 1149 2382 1208 266.

653 1227 776 1276 Mac
783 1226 1123 1289 ulafoliorum
1145 1225 1371 1294 colore
1399 1239 1452 1279 et
1480 1222 1663 1295 figura
1686 1221 1925 1278 diversa:
1949 1223 2204 1280 Floribus
2224 1246 2379 1280 suave

648 1299 981 1350 rubentibus·
1010 1296 1313 1352 Seminibus
1328 1300 1543 1368 fuscis,
1586 1310 1640 1351 et
1666 1299 1936 1352 subluteis.

509 1440 649 1506 260„
693 1417 1071 1526 Magnitudo
1119 1425 1359 1524 species
1411 1456 1537 1506 non
1570 1436 1958 1568 distinguit..

573 1582 927 1656 Magnitudo
937 1600 1185 1642 mutatur
1205 1607 1238 1642 a
1266 1592 1423 1657 Loco
1446 1546 1599 1656 Solo,
1623 1590 1868 1657 Climate·
1889 1596 2134 1640 mutatur
2159 1605 2190 1641 a
2213 1587 2372 1658 copia

651 1660 936 1713 alimenti
921 1677 975 1713 1n
984 1660 1223 1731 plantis,
1251 1678 1360 1714 non
1384 1659 1578 1730 minus,
1598 1678 1770 1729 quam
1795 1661 1852 1713 in
1878 1659 2228 1715 animalibuS.

575 1730 936 1800 MagnitudQ
958 1734 1002 1786 si
1024 1736 1246 1787 varians
1266 1735 1353 1803 sit,
1382 1745 1480 1788 nec
1503 1746 1715 1787 mutans
1737 1727 1989 1803 speciem,
2012 1732 2200 1799 nequit
2223 1731 2375 1789 diffe

649 1805 876 1857 rentiam
919 1807 1259 1860 essentialem
1302 1806 1505 1861 nomini
1533 1803 1788 1875 specifico
1812 1804 2244 1860 subministrare.

532 1923 536 1927 .
575 1880 807 1930 Erronea
833 1880 983 1933 Nom.
1006 1882 1150 1950 SpeC.
1174 1892 1298 1933 sunt
1319 1881 1502 1934 omnia
1523 1898 1557 1934 a
1578 1880 1955 1950 magnitudine
1976 1879 2197 1948 Plantae,
2212 1881 2377 1939 Radi-

648 1955 761 2018 σὺ,
788 1952 1018 2019 Herbae,
1047 1955 1494 2019 Fructificationis.

643 2021 1027 2091 Polytrich'um
1051 2031 1322 2077 maximum
1337 2024 1503 2080 Pluk.
1523 2023 1699 2080 minus
1719 2036 1820 2094 est,
1841 2043 2008 2093 quam
2023 2026 2374 2084 Thalictrum

719 2100 999 2151 mimmum.

640 2166 707 2221 Pl
718 2177 913 2243 mtago
941 2176 1136 2240 major,
1158 2181 1197 2225 'a
1222 2169 1497 2226 nonnullis
1524 2191 1598 2222 me
1577 2172 1656 2222 oad'
1657 2188 1687 2223 a
1711 2173 2120 2240 cagnominata.
2142 2176 2197 2242 J.
2225 2171 2288 2228 B.

646 2257 681 2295 a
709 2238 918 2296 Planta.
1359 2261 1393 2299 a
1420 2245 1600 2296 Foliis.

673 2356 684 2364 .
711 2311 904 2368 Alslne
931 2318 1186 2371 altissima
1431 2314 1733 2371 Nicotiana
1759 2320 2110 2386 augustifolia·

716 2416 754 2426 -
826 2415 861 2426 -
935 2394 1095 2458 major
1755 2390 1998 2456 latifolia.
2030 2416 2035 2417 ⁷

717 2489 753 2498 -
823 2488 860 2499 -
932 2465 1098 2514 'media
1135 2508 1165 2515 .,

717 2561 752 2571 -
825 2561 859 2570 -
932 2538 1095 2586 minor

714 2635 751 2644 -
823 2634 859 2644 -
932 2611 1139 2660 minima

713 2708 750 2718 —
823 2707 856 2717 -
931 2684 1139 2767 exigua.

713 2750 781 2805 Se
787 2752 915 2806 dum
945 2758 1109 2839 majus

713 2840 748 2863 -'-
819 2852 855 2862 ·-
930 2830 1099 2879 minus

710 2925 748 2936 -
819 2925 856 2934 -
919 2915 1160 2968 parvum
1223 2922 1241 2942 -·

664 3014 669 3021 ,
710 2998 747 3008 -
819 2998 852 3008 -
925 2976 1203 3023 minimum

711 3040 939 3095 Boletus
980 3063 1215 3113 magnus.

711 3112 1003 3182 Galeopsis
1031 3121 1307 3184 procerior.

711 3183 953 3242 Gramen
975 3190 1178 3245 elatius.

2210 3266 2354 3325 Fra-
